3197 4992
1540 352 1981 412 -14-

587 533 771 592 eruta
827 531 970 607 erit;
1034 530 1366 612 quaedam,
1421 528 1792 610 praesertim
1850 546 2014 610 quae
2058 527 2137 589 ad
2193 527 2526 609 analogiae
2572 525 2923 588 doctrinam

582 637 914 717 attineant,
960 656 1117 699 num
1166 635 1429 718 reperiri
1474 635 1739 716 possint,
1787 635 1996 698 adhuc
2044 634 2233 699 ualde
2279 632 2518 696 dubito
2604 630 2925 696 Charisius

583 743 761 805 enim
789 742 1193 806 Palaemonis
1234 742 1311 804 de
1348 741 1643 824 analogia
1680 743 2210 805 commentarium
2247 741 2437 824 plane
2473 740 2926 823 praetermisit;

580 849 819 932 reliqui
870 855 1080 913 autem
1126 849 1544 932 grammatici,
1592 849 1768 929 quod
1811 849 2109 930 uiderim,
2154 867 2287 911 non
2333 849 2459 910 nisi
2494 847 2770 911 frustula
2815 866 2926 910 ex-

580 961 969 1038 cerpserunt.

759 1063 852 1124 At
896 1081 1052 1125 uero
1100 1081 1264 1145 quae
1312 1067 1405 1125 est
1443 1062 1718 1143 singulis
1764 1061 2052 1144 partibus
2093 1060 2483 1136 Quintiliano
2523 1079 2672 1122 cum
2708 1057 2928 1121 Palae-

580 1187 774 1232 mone
823 1170 1137 1251 cognatio,
1184 1169 1343 1233 haec
1391 1171 1582 1233 etiam
1630 1171 1697 1231 in
1738 1172 2116 1233 uniuersum
2155 1169 2456 1232 cernitur.
2539 1165 2709 1230 Nam
2755 1165 2927 1249 quod

576 1266 853 1338 ‘efferri³
899 1295 1012 1358 pro
1060 1268 1308 1339 ‘fineri'
1356 1281 1420 1340 et
1453 1268 1891 1358 ‘qualitatem'
1938 1295 2052 1359 pro
2091 1274 2438 1339 uerborum
2471 1265 2725 1336 ‘modo'
2773 1273 2927 1334 alia-

579 1401 705 1464 que
754 1379 1188 1455 Quintilianus
1246 1403 1395 1446 cum
1438 1383 1823 1446 Palaemone
1890 1383 2079 1463 dixit,
2135 1384 2318 1445 mitto
2331 1404 2345 1465 ;
2407 1380 2679 1444 docendi
2739 1380 2926 1442 ratio-

578 1507 727 1550 nem
791 1494 1064 1572 uterque
1120 1491 1389 1554 eandem
1446 1490 1792 1573 profitetur.
1888 1488 2325 1565 Quintilianus
2372 1490 2544 1551 enim
2590 1487 2639 1569 I,
2680 1488 2796 1567 6,1
2847 1485 2927 1549 de

580 1596 840 1678 linguae
875 1595 1328 1679 fundamentis,
1375 1604 1450 1661 ut
1482 1600 1573 1661 ita
1611 1598 1836 1678 dicam,
1885 1598 2205 1660 disserens
2243 1596 2754 1678 disceptansque,
2794 1594 2928 1656 cui-

579 1721 730 1765 nam
764 1722 915 1786 prae
953 1705 1178 1767 ceteris
1224 1708 1327 1768 uis
1374 1725 1449 1768 ac
1485 1709 1762 1788 potestas
1799 1703 2140 1767 tribuenda
2185 1704 2294 1767 sit:
2343 1682 2650 1782 ‘Sermo’,
2696 1701 2927 1784 inquit,

578 1803 860 1873 ‘constat
893 1811 1155 1891 ratione,
1201 1817 1537 1893 uetustate,
1585 1812 1976 1891 auctoritate,
2024 1803 2531 1874 consuetudine'.
2573 1844 2660 1853 —
2696 1809 2927 1891 Aeque

580 1914 907 1980 Charisius
959 1938 1018 2001 p.
1067 1920 1170 1999 50,
1202 1921 1286 1981 25
1344 1922 1604 1981 auctore
1652 1917 2063 1980 Palaemone:
2125 1909 2144 1932 ‘
2162 1915 2420 1980 Constat
2465 1934 2615 1998 ergo
2662 1913 2931 1977 Latinus

583 2043 792 2086 sermo
838 2029 1086 2106 natura,
1135 2026 1444 2108 analogia,
1492 2025 1979 2104 consuetudine,
2026 2015 2446 2087 auctoritate'.

758 2130 980 2214 Pergit
1030 2129 1496 2205 Quintilianus:
1552 2124 1923 2194 ‘Rationem
1980 2135 2259 2213 praestat
2313 2130 2653 2213 praecipue
2716 2127 2928 2191 analo-

578 2237 777 2320 logia,
837 2257 1328 2322 nonnumquam
1389 2243 1451 2301 et
1497 2239 1900 2322 etymologia.
1992 2237 2231 2301 Vetera
2276 2239 2570 2300 maiestas
2619 2236 2929 2319 quaedam

581 2354 668 2426 et,
715 2351 789 2408 ut
833 2346 926 2407 sic
974 2344 1273 2425 dixerim,
1333 2345 1558 2428 religio
1607 2345 2031 2408 commendat.
2129 2346 2497 2408 Auctoritas
2543 2342 2621 2406 ab
2671 2343 2933 2405 oratori-

582 2449 702 2515 bus
748 2451 853 2514 uel
892 2451 1208 2532 historicis
1255 2453 1385 2535 peti
1432 2451 1590 2515 solet
1638 2503 1649 2514 .
1700 2500 1713 2513 .
1763 2503 1775 2515 .
1826 2471 1975 2515 cum
2023 2471 2424 2515 summorum
2460 2453 2529 2514 in
2568 2448 2930 2532 eloquentia

580 2560 873 2621 uirorum
910 2558 1223 2621 iudicium
1270 2577 1380 2641 pro
1427 2560 1677 2622 ratione
1716 2565 1779 2622 et
1815 2560 1922 2622 uel
1969 2579 2144 2623 error
2180 2560 2487 2622 honestus
2533 2563 2629 2621 est
2664 2575 2932 2639 magnos

586 2665 782 2727 duces
830 2664 1265 2747 sequentibus
1359 2664 1771 2730 Consuetudo
1831 2685 1986 2729 uero
2035 2668 2389 2729 certissima
2441 2662 2753 2747 loquendi
2797 2682 2936 2725 ma-

581 2773 780 2854 gistra
815 2772 1259 2854 utendumque
1295 2774 1484 2855 plane
1521 2793 1817 2837 sermone
1857 2780 1931 2837 ut
1969 2793 2251 2854 nummo,
2291 2774 2396 2836 cui
2433 2771 2693 2856 publica
2728 2770 2934 2832 forma

582 2871 724 2940 est'.
817 2878 1005 2941 Adde
1056 2898 1222 2960 quae
1266 2887 1517 2964 praeter
1562 2881 1688 2943 alia
1733 2879 1972 2962 I,6,45
2021 2881 2355 2964 leguntur:
2408 2872 2614 2962 ‘Ergo
2663 2895 2934 2946 consue-

582 2983 869 3047 tudinem
920 2987 1232 3049 sermonis
1278 2986 1526 3050 uocabo
1566 3006 1952 3051 consensum
1994 2987 2411 3068 eruditorum,
2458 2987 2626 3049 sicut
2661 2984 2933 3048 uiuendi

583 3110 967 3155 consensum
1012 3085 1377 3157 bonorum'.
1469 3158 1473 3161 ,
2414 3166 2423 3172 ,

760 3198 1108 3263 Palaemon
1174 3202 1346 3285 apud
1406 3201 1766 3266 Charisium
1827 3223 1887 3286 p.
1946 3205 2049 3283 51,
2084 3205 2157 3266 3:
2216 3195 2565 3285 ‘Analogia
2617 3198 2933 3262 sermonis

584 3324 621 3367 a
666 3311 898 3369 natura
941 3302 1235 3391 proditi',
1290 3310 1522 3392 inquit,
1567 3303 1919 3373 ‘ordinatio
1968 3315 2064 3373 est
2109 3330 2319 3393 neque
2366 3309 2550 3372 aliter
2593 3305 2929 3369 barbaram

582 3410 876 3495 linguam
922 3414 1001 3478 ab
1050 3417 1302 3479 erudita
1349 3437 1544 3499 quam
1591 3423 1932 3499 argentum
1980 3437 2017 3478 a
2063 3415 2324 3499 plumbo
2364 3414 2679 3478 dissociat.
2765 3411 2931 3475 Con-

582 3521 854 3583 suetudo
919 3541 1050 3584 non
1116 3531 1248 3585 arte
1315 3524 1644 3606 analogiae
1701 3524 1812 3586 sed
1861 3521 2113 3585 uiribus
2158 3542 2274 3605 par
2320 3527 2443 3603 est,
2506 3522 2651 3584 ideo
2716 3521 2926 3583 solum

581 3633 849 3711 recepta,
914 3630 1085 3711 quod
1144 3630 1494 3692 multorum
1552 3632 1973 3693 consensione
2022 3630 2374 3710 conualuit,
2419 3630 2508 3692 ita
2553 3634 2795 3708 tamen,
2857 3632 2930 3689 ut

581 3734 674 3798 illi
721 3737 885 3797 ratio
934 3756 1065 3799 non
1112 3736 1390 3817 accedat,
1438 3737 1550 3800 sed
1595 3719 1944 3820 indulgeat.
2049 3738 2407 3800 Auctoritas
2452 3737 2520 3798 in
2568 3733 2792 3816 regula
2835 3733 2930 3795 lo-

585 3842 825 3923 quendi
881 3844 1231 3906 nouissima
1286 3851 1395 3908 est.
1488 3844 1785 3927 Namque
1837 3844 1954 3908 ubi
2012 3845 2226 3907 omnia
2283 3843 2653 3922 defecerint,
2710 3842 2800 3903 sic
2847 3839 2932 3902 ad

581 3947 759 4010 illam
826 3951 1369 4031 quemadmodum
1451 3973 1627 4015 aram
1704 3972 1950 4015 sacram
2026 3952 2396 4015 decurritur.
2533 3948 2681 4011 Non
2754 3948 2929 4011 enim

587 4055 934 4138 quicquam
1001 4063 1110 4120 aut
1155 4060 1421 4122 rationis
1487 4064 1598 4122 aut
1664 4065 1931 4122 naturae
1979 4064 2091 4121 aut
2157 4051 2642 4121 consuetudinis
2706 4054 2929 4138 habet;

582 4167 831 4225 tautum
879 4166 1178 4252 opinione
1226 4172 1547 4229 oratorum
1595 4172 1850 4249 recepta
1896 4172 2015 4247 est,
2065 4166 2178 4247 qui
2233 4169 2294 4227 et
2338 4165 2491 4247 ipsi,
2539 4182 2655 4226 cur
2706 4164 2773 4225 id
2830 4180 2927 4224 se-

587 4272 717 4333 cuti
767 4277 1001 4353 essent,
1066 4272 1120 4335 si
1166 4272 1434 4335 fuissent
1489 4273 1889 4357 interrogati,
1953 4273 2196 4335 nescire
2262 4270 2732 4334 confiterentur.
2821 4268 2926 4331 Ex

585 4378 681 4439 his
737 4396 886 4463 ergo
948 4377 1244 4442 omnibus
1292 4379 1688 4442 consuetudo
1748 4400 1880 4443 non
1935 4379 2093 4441 haec
2148 4380 2442 4462 uulgaris
2497 4397 2617 4444 nec
2673 4375 2938 4441 sordida·
