3197 4992
1305 268 1747 328 ,71-

341 465 473 509 non
520 446 902 528 adsumpsit,
962 464 1107 508 cum
1157 445 1344 507 istius
1404 444 1726 507 similibus
1774 444 2070 526 componi
2115 447 2384 526 possunt
2432 446 2494 504 et
2543 442 2695 524 quia

340 553 632 636 uulgaris
692 557 846 615 sunt
901 557 1114 633 notae,
1175 572 1401 634 parum
1465 552 1543 614 ad
1608 548 2183 613 demonstrandum
2240 548 2475 612 ualent.
2569 547 2692 611 Sed

339 658 697 722 disserendi
761 677 966 740 genus
1016 657 1468 722 Palaemonem
1515 659 1747 741 prodit.
1847 657 1986 720 Iam
2054 655 2337 719 definitio
2405 653 2696 717 aduerbii

338 784 418 828 ea
473 771 590 846 est,
657 785 848 847 quam
910 765 1404 847 ‘grammaticum
1467 771 1761 828 nostrum
1824 764 2178 848 professum
2242 781 2380 825 esse
2436 766 2693 825 constat.

336 871 468 934 Hic
511 872 646 934 illic
693 873 884 935 etiam
924 872 1198 934 aliorum
1236 872 1799 953 grammaticorum
1841 869 2318 934 obseruationes
2356 869 2697 952 adspersae

337 978 567 1061 sunt.1)
681 978 924 1041 Callide
987 997 1142 1040 uero
1206 976 1534 1040 Romanus
1601 978 2001 1041 Palaemonis
2064 977 2306 1039 librum
2371 977 2436 1038 in
2505 995 2694 1038 usum

334 1105 530 1149 suum
591 1087 928 1151 conuertit.
1018 1084 1186 1147 Nam
1251 1104 1398 1147 cum
1464 1084 1788 1147 Charisius
1856 1089 2196 1167 excerptor
2258 1084 2366 1146 alii
2429 1083 2601 1146 locos
2659 1104 2695 1145 a

334 1192 628 1256 Remmio
674 1193 968 1255 laudatos
1025 1192 1303 1274 aliaque,
1369 1210 1534 1273 quae
1591 1196 1917 1254 auctorem
1964 1190 2261 1274 prodant,
2318 1191 2695 1272 receperint,

334 1300 517 1382 apud
575 1298 937 1373 Romamun
1004 1317 1079 1361 ea
1142 1298 1380 1360 frustra
1429 1287 1718 1380 quaeris.
1812 1298 1901 1360 At
1959 1298 2133 1380 quod
2198 1297 2277 1359 de
2341 1297 2461 1359 hoc
2524 1315 2696 1359 com-

333 1407 652 1468 mentario
700 1404 902 1468 firmis
952 1405 1347 1487 argumentis
1405 1404 1830 1467 demonstrari
1875 1423 2007 1466 non
2052 1408 2288 1487 potest,
2343 1402 2413 1465 id
2461 1403 2539 1467 de
2586 1405 2697 1484 eiS,

335 1531 510 1594 quae
556 1519 934 1594 sequuntur,
980 1511 1121 1574 fieri
1167 1512 1331 1574 licet.
1380 1532 1439 1594 p.
1483 1514 1629 1592 194,
1668 1513 2105 1592 22—224,22
2159 1511 2331 1589 enim
2366 1509 2697 1573 Romanus

332 1618 672 1700 aduerbia,
743 1620 965 1701 qualia.
1015 1619 1186 1701 apud
1253 1624 1541 1681 auctores
1600 1619 1674 1680 in:
1726 1638 1919 1681 usum
1977 1619 2277 1699 ueniunt,
2338 1617 2697 1680 litterarum

333 1726 568 1788 ordine
614 1727 933 1789 inlustrat.
1026 1724 1372 1788 Palaemon
1418 1731 1634 1788 autem
1677 1726 1747 1787 in
1794 1725 1942 1787 libri
1989 1724 2022 1788 I
2073 1727 2278 1809 capite
2324 1723 2457 1787 XV
2506 1726 2696 1787 etiam

333 1833 677 1914 aduerbia,
757 1839 1073 1915 quatenus
1143 1824 1161 1846 ‘
1183 1832 1492 1894 catholica
1566 1852 1735 1916 uaga
1799 1837 2039 1913 essent,
2120 1850 2283 1914 quae
2348 1833 2696 1894 multarum

332 1941 927 2006 controuersiarum
1007 1944 1290 2002 ueterem
1369 1940 1713 2022 caliginem
1793 1932 2223 2022 dissiparent',
2305 1939 2695 2022 perstrinxit.

330 2048 559 2130 Atque
611 2047 942 2110 Romanus
1003 2047 1198 2109 etiam
1254 2047 1323 2107 in
1381 2047 1502 2108 hoc
1562 2047 2015 2111 commentario
2071 2045 2417 2108 nonnullas
2475 2044 2695 2108 Palae-

331 2154 552 2216 monis
609 2152 1088 2217 obseruationes
1145 2153 1347 2215 uerbo
1400 2153 1532 2216 fere
1591 2160 1783 2217 tenus
1830 2154 2131 2217 seruauit.
2230 2150 2400 2226 Quas
2448 2152 2697 2215 adferre

331 2262 545 2323 liceat.
635 2259 965 2324 Romanus
1008 2281 1068 2343 p.
1109 2261 1361 2341 195,12
1407 2260 1670 2344 profert:
1726 2253 2072 2342 ‘Ampliter
2107 2259 2378 2322 Plautus
2422 2259 2545 2321 in*
2584 2279 2697 2342 pro

333 2367 566 2450 ample.
662 2366 895 2430 Omnia
950 2368 1119 2429 enim
1181 2368 1470 2448 nomina,
1537 2385 1703 2449 quae
1765 2368 1848 2428 in·
1892 2366 2195 2448 qualitate
2258 2369 2408 2429 sunt
2463 2369 2574 2428 aut
2625 2364 2695 2427 in

333 2476 716 2559 quantitate,
774 2476 828 2537 si
876 2475 1094 2537 datiuo
1141 2475 1208 2536 in
1259 2492 1294 2536 o
1343 2479 1612 2551 exeunt,
1680 2473 1984 2538 aduerbia
2037 2492 2150 2557 per
2200 2492 2234 2537 e
2280 2473 2559 2537 litteram
2603 2473 2695 2535 fa-

334 2584 551 2663 ciunt,
596 2588 671 2645 ut
718 2583 944 2645 doctus
992 2583 1189 2662 docte,
1237 2582 1490 2664 amplus
1538 2581 1762 2668 ample.
1857 2582 1980 2645 Sed
2019 2587 2269 2645 ueteres
2307 2599 2442 2643 non
2479 2579 2694 2644 obser-

334 2683 718 2752 uauerunt'.

520 2797 864 2860 Palaemon
930 2817 986 2879 p.
1049 2798 1276 2874 79,10
1343 2796 1557 2859 docet:
1623 2789 1903 2879 ‘Largus
1968 2815 2203 2858 nomen
2265 2795 2417 2858 facit
2481 2815 2564 2859 ex
2628 2816 2697 2859 se

334 2902 750 2985 aduerbium,
811 2903 981 2985 quod
1030 2904 1267 2984 omnia,
1327 2922 1492 2985 quae
1538 2904 1609 2965 in
1658 2903 1963 2985 qualitate
2021 2908 2173 2966 sunt
2218 2907 2331 2965 aut
2374 2904 2441 2965 in
2494 2923 2696 2986 quan-

336 3011 540 3091 titate,
587 3012 643 3073 si
683 3011 897 3080 datiuo
937 3029 1092 3072 casu
1136 3010 1206 3071 in
1256 3028 1292 3071 o
1340 3015 1596 3092 exeunt,
1647 3030 1683 3072 o
1728 3011 1800 3072 in
1848 3029 1883 3073 e
1927 3013 2179 3072 mutant
2215 3015 2277 3071 et
2313 3009 2695 3073 aduerbium

333 3116 612 3197 faciunt,
669 3122 742 3180 ut
797 3118 1018 3181 doctus
1080 3116 1250 3178 docti
1311 3116 1513 3198 docto,
1577 3116 1731 3179 facit
1791 3117 1987 3179 docte.
2081 3115 2209 3179 Sed
2261 3121 2514 3179 ueteres
2576 3117 2698 3179 hoc

339 3242 478 3285 non
525 3222 1052 3287 obseruauerunt.
1129 3221 1295 3285 Nam
1341 3229 1403 3285 et
1451 3223 1695 3285 duriter
1738 3223 2073 3286 Terentius
2121 3222 2289 3284 dixit
2326 3227 2388 3285 et
2425 3222 2697 3286 Plautus

325 3323 690 3412 vampliter-³.
790 3329 1091 3392 Conferas
1156 3334 1482 3412 praeterea
1546 3329 1948 3392 Palaemonis
2015 3328 2366 3391 doctrinam
2431 3350 2489 3411 p.
2551 3332 2696 3409 113,

342 3438 655 3512 22—293
711 3437 856 3511 116,
901 3438 1150 3514 1—283
1207 3438 1353 3512 183,
1391 3438 1726 3517 25—184,
1760 3439 1830 3517 93
1886 3438 2029 3517 187,
2072 3437 2267 3499 1-·-8.
2359 3435 2519 3498 Item
2571 3434 2698 3498 Ro-

342 3562 578 3606 manus
632 3564 691 3625 p.
741 3545 890 3619 211,
929 3545 1046 3606 26:
1111 3535 1342 3606 ‘Plure
1387 3542 1659 3606 Plautus
1705 3544 1773 3605 in
1825 3542 2021 3605 Caeco
2068 3544 2177 3605 uel
2232 3544 2304 3603 in
2358 3542 2695 3625 praedoni-

526 3772 567 3841 1)
615 3771 873 3824 Umbrius
917 3770 1136 3823 Primus
1188 3773 1311 3839 quis
1364 3773 1437 3825 sit
1483 3772 1621 3825 mihi
1671 3787 1778 3825 non
1829 3771 2017 3839 liquet.
2099 3772 2367 3840 Equidem
2416 3786 2583 3839 paene
2630 3771 2695 3823 ad

345 3875 465 3913 eam
503 3860 766 3913 deductus
805 3876 929 3913 sum
967 3861 1305 3927 sententiam,
1335 3863 1397 3914 ut
1424 3861 1807 3914 Palaemonem
1847 3877 1879 3914 a
1902 3860 2145 3914 Romano
2186 3861 2548 3929 significatum
2578 3875 2696 3913 esse

347 3948 632 4001 crederem.
685 3949 902 4001 Etenim
941 3965 1178 4002 conexus
1215 3966 1395 4002 rerum
1432 3949 1773 4018 regulaeque,
1811 3949 1867 4000 in
1905 3950 2099 4016 quibus
2135 3948 2393 4002 Umbrius
2430 3949 2696 4015 laudatur,

347 4036 417 4088 ad
469 4036 839 4091 Remmianam
904 4038 1202 4091 doctrinam
1261 4038 1570 4106 respiciunt.
1660 4039 1776 4091 Iam
1832 4054 1961 4090 uero
2018 4054 2067 4105 p.
2131 4041 2255 4105 192,
2306 4043 2368 4090 16
2426 4037 2698 4090 Romanus

347 4125 648 4178 exorditur:
700 4119 835 4179 cSed
876 4125 1104 4180 conlatio
1156 4144 1423 4195 quamque
1462 4128 1910 4194 comparationem
1957 4126 2220 4179 Umbrius
2265 4125 2478 4178 Primus
2522 4125 2694 4178 nomi-

349 4217 447 4265 nat
478 4254 489 4267 .
520 4255 530 4267 .
561 4206 591 4267 .³
657 4211 1031 4268 Palaemonem
1070 4218 1249 4269 autem
1287 4220 1341 4269 et
1371 4208 1777 4269 ‘conlationem'
1816 4217 1870 4268 et
1900 4205 2398 4283 ‘comparationem’
2437 4213 2697 4266 extulisse

349 4316 421 4352 ex
456 4302 626 4369 capite
662 4302 788 4356 libri
825 4303 985 4371 primi
1020 4303 1157 4357 XVI
1194 4304 1582 4359 intelleximus,
