3197 4992
1212 329 1654 400 *31-

273 508 528 581 secundi
574 517 778 600 capite
825 514 995 578 XIII
1040 536 1096 598 p.
1151 508 1293 578 189.
1386 512 1508 578 Sed
1554 517 1713 578 haec
1759 534 1960 598 parua
2005 518 2171 579 sunt.
2262 513 2428 578 Nam
2476 524 2607 577 non

272 626 471 688 solum
538 624 614 686 de
679 614 846 686 octo'
880 623 1184 685 orationis
1220 613 1533 706 'partibus
1588 608 2037 684 Palaemonem
2094 623 2316 704 egisse,
2377 639 2606 684 uerum

273 733 452 795 etiam
502 724 580 794 de
627 730 893 812 reliquis
950 729 1304 813 disciplinis
1361 719 1440 791 ad
1503 735 1702 792 artem
1758 731 2243 813 grammaticam
2289 728 2608 811 pertinen-

272 830 437 902 tibus
482 858 610 901 non
658 856 834 901 mera
879 837 1161 921 suspicio
1210 828 1337 900 est(
1415 835 1700 911 Quarum
1761 837 2022 920 quidem
2083 824 2361 900 indicata
2410 838 2505 898 est
2550 855 2607 918 p.

277 949 395 1010 116
432 966 522 1029 sq.
582 946 911 1028 analogiae
968 935 1259 1007 doctrina
1317 945 1801 1028 pretiosissima,
1863 965 1900 1007 a
1949 943 2249 1025 Charisio‚
2307 944 2413 1006 cui
2468 941 2610 1004 bre-

270 1055 409 1116 uior
445 1053 539 1133 dev
561 1046 636 1116 ea
671 1044 957 1115 Romani
985 1052 1479 1115 commentarius
1528 1058 1905 1129 occurreret,
1951 1052 2260 1116 radicitus
2299 1051 2611 1114 obliuioni

271 1161 427 1223 data.
518 1156 956 1224 Inueniuntur
1011 1160 1225 1240 etiam,
1284 1178 1562 1241 quorum
1617 1178 1699 1222 ne
1754 1161 2029 1243 uestigia
2087 1159 2348 1243 quidem
2393 1157 2614 1220 relicta

271 1268 398 1329 sint
460 1267 629 1350 apud
697 1265 1066 1330 Charisium.
1170 1264 1347 1340 Quae
1412 1285 1570 1329 num
1636 1266 1808 1349 apud
1871 1268 2151 1346 reliquos
2214 1266 2615 1349 reperiantur

269 1375 730 1456 grammaticos
794 1375 1084 1437 nondum
1150 1374 1303 1436 satis
1368 1379 1772 1457 perspectum
1837 1373 2052 1437 habeo.
2128 1372 2337 1453 ‚Unde
2397 1373 2614 1456 igitur,

271 1472 476 1564 qualis
530 1482 798 1565 pristina
852 1480 1267 1546 Remmianae
1332 1481 1485 1543 artis
1541 1482 1915 1544 constitutio
1978 1481 2200 1563 fuerit,
2268 1479 2613 1562 cogemus?

269 1586 516 1670 NesciO,
561 1590 688 1652 nisi
736 1588 792 1651 si
840 1586 1324 1669 Quintilianum,
1373 1589 1486 1670 qui
1523 1572 1926 1651 Palaemonis
1976 1588 2265 1651 doctrina
2312 1607 2465 1650 usus
2504 1592 2615 1667 est,

271 1696 456 1778 sequi
500 1696 820 1779 placuerit.
897 1685 1059 1759 Tum
1107 1714 1261 1758 sane
1306 1694 1499 1781 haud*
1526 1696 1657 1758 scio
1697 1715 1778 1758 an
1820 1693 2300 1758 adumbratione
2339 1694 2616 1776 quadam

271 1821 394 1884 eas,
443 1821 606 1886 quae
653 1821 691 1865 a
728 1801 1110 1866 Palaemone
1154 1807 1571 1886 pertractatae
1614 1804 1744 1865 sint
1783 1803 2152 1887 disciplinas
2190 1803 2438 1867 efficere
2475 1822 2618 1886 pos-

270 1911 489 1991 81111118,
536 1914 600 1972 at
646 1916 814 1973 certo
860 1929 989 1972 non
1026 1909 1441 1973 Remmianae
1489 1910 1816 1973 doctrinae
1854 1912 2116 1995 copiam.
2159 1948 2241 1956 ω-
2292 1909 2619 1973 Charisius

267 2017 468 2098 igitur
532 2022 595 2079 et
659 2022 992 2101 excerptor
1055 2036 1174 2080 nec
1238 2036 1368 2079 non
1428 2015 1771 2081 Dositheus
1836 2038 1935 2101 ea,
2002 2038 2164 2101 quae
2227 2022 2619 2100 receperunt,

268 2125 609 2206 praecipua
653 2123 781 2188 fide
827 2126 1381 2208 transcripserunt.
1477 2123 1605 2187 Sed
1650 2125 1784 2187 noli
1828 2131 2053 2208 putare
2099 2126 2377 2208 reliquos
2414 2130 2619 2209 poste-

268 2230 460 2294 rioris
523 2233 748 2294 aetatis
819 2233 1268 2316 grammaticos
1346 2231 1616 2295 eandem
1685 2232 2085 2296 describendi
2150 2233 2622 2316 simplicitatem

268 2339 732 2421 ueritatemque
778 2358 916 2403 esse
963 2345 1354 2403 consecutos.
1450 2337 1616 2402 Sunt
1661 2358 1832 2421 sane,
1883 2359 2045 2422 quos
2094 2360 2224 2402 una
2270 2359 2417 2403 cum
2464 2338 2621 2401 Cha-

268 2447 426 2509 risio
488 2447 559 2509 in
623 2446 887 2511 eandem
952 2448 1133 2530 quasi
1207 2446 1500 2530 copulam
1565 2447 1853 2511 conicere
1916 2447 2105 2511 liceat
2178 2448 2283 2512 uel
2350 2466 2622 2531 quorum

273 2554 564 2616 doctrina
618 2553 836 2617 eadem
901 2555 1065 2638 apud
1130 2555 1316 2618 illum
1382 2559 1643 2636 exstet3·
1686 2562 1838 2618 sunt
1899 2556 2118 2637 etiam,
2177 2556 2288 2638 qui
2340 2575 2456 2618 sua
2501 2556 2624 2639 ipsi

270 2660 474 2724 uerba
515 2660 952 2724 adstruxerint
989 2662 1390 2744 aliorumque
1426 2664 1778 2746 praeceptis
1816 2664 2134 2726 arcessitis
2170 2662 2356 2725 uelut
2382 2664 2624 2725 mixtu-

271 2788 414 2831 ram
469 2766 884 2831 Remmianae
945 2768 1271 2833 doctrinae
1328 2769 1756 2851 condiderint,
1818 2771 1989 2834 inter
2052 2790 2212 2853 quos
2266 2768 2623 2833 Diomedes.

273 2874 561 2950 Quorum
613 2875 683 2937 in
740 2873 1025 2937 officinas
1082 2877 1201 2938 uix
1257 2896 1585 2961 possemus
1632 2878 1963 2960 inspicere,
2020 2879 2076 2941 si
2124 2875 2447 2941 Charisius
2495 2896 2626 2940 11011

272 2989 458 3047 esset.
549 2982 675 3046 Estv
717 2982 995 3065 profecto
1051 2982 1182 3046 fere
1240 3003 1426 3047 nemo
1481 2986 1931 3068 grammaticus
1992 2986 2356 3067 posterioris
2403 2985 2627 3048 aetatis

272 3087 566 3170 Latinus»,
642 3091 800 3171 quin
875 3089 1280 3154 Palaemonis
1352 3091 1586 3154 librum
1662 3091 1902 3155 adierit.
2014 3091 2357 3156 Palaemon
2432 3093 2622 3173 enim,

275 3196 453 3279 quod
498 3197 795 3278 8016111118,
838 3198 1084 3280 primus
1129 3196 1276 3279 fuit,
1327 3200 1438 3281 qui
1485 3203 1685 3262 artem
1733 3201 2085 3283 composuit
2131 3186 2624 3282 grammaticam.

277 3301 459 3377 Quae
505 3323 609 3367 ars
652 3308 911 3388 propter
954 3303 1319 3368 facilitatem
1367 3325 1440 3368 ac
1485 3307 2001 3393 perspicuitatem
2040 3325 2202 3369 serm
2211 3307 2349 3369 onis
2396 3305 2627 3368 doctri-

276 3429 557 3493 namque
615 3410 876 3494 politam
938 3412 1300 3495 optimeque
1360 3412 1669 3496 digestam
1732 3413 1965 3477 idonea
2026 3413 2149 3476 fuit
2211 3432 2340 3475 non
2405 3413 2629 3494 solum,

279 3537 445 3601 quae
489 3518 597 3581 1161
644 3539 681 3581 a
715 3520 929 3602 pueris
974 3521 1405 3603 perciperetur
1440 3519 1875 3584 Romanorum
1921 3527 1985 3584 et
2030 3541 2068 3583 a
2111 3520 2383 3597 feminis,
2430 3525 2503 3583 ut
2533 3507 2632 3582 'ait

276 3624 611 3689 quenalis
656 3626 696 3689 1.
743 3626 802 3703 1.,
863 3627 1350 3709 scholarumque
1408 3629 1476 3689 in
1534 3648 1726 3691 usum
1783 3648 1928 3691 cum
1990 3628 2202 3691 fructu
2255 3617 2630 3708 uerteretur,

276 3750 510 3795 uerum
565 3734 783 3816 etiam,
839 3754 988 3798 cum
1042 3754 1080 3797 a
1127 3734 1613 3818 simplicissima
1656 3726 1910 3799 dicendi
1964 3737 2209 3798 ratione
2264 3735 2634 3799 ascenderet

280 3839 360 3901 ad
406 3839 712 3924 loquendi
757 3841 1285 3906 consuetudinem
1335 3842 1796 3926 difficillimam,
1842 3843 2270 3927 grammaticis
2306 3842 2634 3926 praeberet

281 3947 510 4010 siluam
563 3950 907 4032 copiosam,
966 3968 1000 4012 e
1048 3969 1174 4032 qua
1219 3969 1333 4012 suo
1393 3952 1665 4034 quisque
1708 3970 1885 4014 more
1939 3955 2283 4033 promeret,
2315 3969 2506 4032 -quae
2553 3949 2634 4011 ad

281 4072 516 4136 pueros
571 4054 996 4120 instituendos
1050 4058 1208 4141 ipsis
1265 4062 1410 4140 apta
1466 4058 1854 4122 uiderentur.
1951 4055 2134 4132 Quod
2179 4056 2500 4119 uberrime
2544 4056 2634 4119 fa-

284 4166 461 4226 ctum
509 4169 618 4226 est.
710 4161 876 4227 Nam
922 4163 1074 4227 inde
1121 4185 1159 4227 a
1204 4166 1485 4228 secundo
1532 4166 1665 4229 fere
1709 4187 1765 4249 p.
1816 4162 1957 4226 Chr.
2006 4163 2256 4227 saeculo
2302 4182 2507 4244 usque
2555 4162 2635 4224 ad

285 4272 569 4332 extrema
634 4275 940 4354 tempora,
1019 4271 1252 4353 quibus
1315 4270 1677 4336 Romanum
1750 4291 1985 4334 nomen
2057 4270 2344 4333 Romana
2406 4274 2636 4331 natura

286 4394 474 4439 omne
521 4377 815 4460 denique,
870 4378 1040 4461 quod
1085 4377 1448 4442 Romanum
1493 4379 1639 4460 fuit,
1697 4379 2086 4442 exstinctum
2136 4382 2253 4458 est,
2311 4375 2636 4439 Palaemo-

2282 4486 2312 4533 6
