3197 4992
1586 290 2031 351 -32-

619 464 865 528 fontem
921 464 1178 543 adierit,
1236 466 1304 527 in
1362 468 1656 550 sequenti
1711 471 1925 530 autem
1975 471 2243 548 uterque
2289 464 2687 529 Palaemonis
2736 465 2970 528 librum

623 571 1053 654 descripserit,
1112 591 1270 635 num
1326 572 1728 636 censebimus
1783 574 2228 655 grammaticos
2282 574 2354 635 in
2411 574 2534 654 018,
2593 592 2754 656 quae
2799 592 2970 657 prae-

623 677 885 759 cedunt,
948 698 1108 761 quae
1155 686 1218 743 et
1263 680 1486 743 ordine
1534 686 1597 744 et
1642 679 1861 744 uerbis
1906 682 2076 742 inter
2121 698 2188 742 se
2235 680 2657 761 conueniunt,
2713 682 2970 744 alterius

620 784 858 848 librum
923 788 1325 870 inspexisse?
1408 786 1573 869 Non,
1627 786 1857 865 hercle,
1921 786 2049 849 nisi
2094 785 2257 850 forte
2319 788 2770 869 grammaticos
2828 807 2969 850 con-

620 893 966 975 spiratione
1032 894 1305 976 quadam
1378 896 1447 956 in
1511 892 1990 956 transcribendo
2054 912 2204 956 usos
2252 912 2389 956 esse
2462 899 2710 957 statues.
2807 894 2968 976 Ergo

623 1001 783 1082 quin
834 999 1157 1063 Charisius
1203 1000 1282 1063 ab
1330 1001 1516 1063 initio
1563 998 1964 1062 Palaemonis
2009 999 2248 1062 librum
2296 1001 2751 1084 compilauerit,
2791 1000 2968 1064 dubi-

621 1108 742 1169 tari
791 1109 1054 1170 omnino
1100 1127 1229 1170 non
1275 1112 1495 1191 potest.

803 1213 1003 1297 Caput
1046 1213 1169 1294 Vl,
1237 1214 1405 1296 quod
1469 1234 1525 1296 p
1581 1214 1681 1291 16,
1712 1214 2002 1294 28-17,
2024 1216 2063 1275 5
2128 1215 2200 1277 111
2261 1160 2600 1277 ‘dictione'
2663 1219 2967 1289 uersatur,

624 1319 948 1383 Charisius
1014 1327 1077 1384 et
1138 1319 1483 1384 Dositheus
1557 1319 1753 1383 uerbo
1817 1325 2004 1384 tenus
2070 1320 2243 1383 idem
2305 1322 2736 1404 prodiderunt.
2847 1319 2968 1384 De-

617 1427 1035 1511 prehenditur
1096 1429 1252 1490 haec
1325 1427 1613 1490 doctrina
1681 1428 1803 1490 alio
1864 1428 2004 1491 loco
2076 1448 2132 1511 p.
2200 1429 2344 1507 153,
2386 1428 2695 1508 21-25,
2761 1428 2875 1509 11111
2936 1447 2968 1489 a

623 1532 905 1596 Charisio
952 1533 1352 1597 Palaemonis
1408 1540 1607 1598 artem
1665 1539 2030 1616 usurpatam
2088 1551 2240 1615 esse,
2288 1555 2434 1597 cum
2481 1536 2634 1621 illuc
2690 1534 2966 1618 perueni‚

621 1641 1085 1704 demonstrabo.
1182 1641 1381 1725 Caput
1426 1641 1581 1722 VH,
1644 1661 1788 1704 cum
1847 1639 2094 1703 duobus
2154 1642 2306 1704 solis
2362 1641 2657 1705 uersibus
2709 1634 2820 1705 ‘de
2875 1661 2966 1703 ca-

620 1741 832 1810 sibus'
879 1748 1124 1827 referat,
1170 1752 1386 1811 tamen
1424 1746 1795 1811 Palaemoni
1831 1747 2114 1811 tribuere
2158 1748 2330 1810 haud
2370 1748 2591 1812 dubito
2628 1754 2966 1832 propterea,

624 1853 794 1937 quod
825 1856 1226 1917 accusatiuus
1258 1874 1440 1918 casus
1475 1846 1942 1917 ‘incusatiuus'
1979 1854 2324 1937 appellatus
2363 1861 2470 1917 est.
2531 1853 2736 1930 Quem
2778 1855 2967 1938 signi-

616 1960 853 2024 ficandi
897 1980 1089 2023 usum
1135 1963 1204 2023 in
1252 1959 1703 2024 Palaemonem
1752 1961 1976 2024 cadere
2024 1980 2214 2044 supra
2258 1982 2314 2044 p.
2357 1963 2442 2024 22
2492 1962 2694 2024 docui.

801 2067 1035 2151 Capitis
1092 2066 1258 2130 VIII
1324 2068 1612 2130 doctrina
1671 2060 1777 2131 ‘de
1840 2067 2185 2150 generibus
2249 2062 2619 2131 nominum³
2682 2067 2966 2150 inscripti

619 2176 790 2259 apud
841 2174 1195 2238 Charisium
1242 2195 1298 2257 p.
1354 2177 1497 2256 153,
1519 2177 1656 2239 8-
1670 2176 1756 2240 20
1813 2195 1848 2237 a
1893 2173 2275 2238 Palaemone
2325 2176 2588 2258 repetita
2634 2180 2763 2253 est3
2820 2176 2966 2237 item

613 2277 903 2346 ‘numeri
951 2287 1013 2346 et
1061 2276 1465 2365 pronomina'
1531 2283 1753 2365 capitis
1808 2274 1909 2344 IX
1976 2287 2320 2346 occurrunt
2383 2302 2440 2364 p.
2504 2283 2647 2363 153,
2678 2283 2766 2345 26
2825 2278 2966 2365 sq.1)

619 2429 702 2437 —
751 2389 1111 2472 Hucusque
1156 2390 1354 2472 igitur
1400 2388 1757 2452 Charisium
1794 2388 2193 2452 Palaemonis
2232 2390 2582 2452 doctrinam
2632 2403 2965 2472 occupasse

618 2496 964 2562 enodatum
1007 2496 1282 2561 uidetur.

799 2603 1173 2686 Sequuntur
1223 2596 1510 2666 ‘ordines
1573 2621 1690 2666 seu
1749 2596 2238 2666 declinationes’
2295 2604 2516 2686 capitis
2579 2602 2649 2666 X
2718 2602 2874 2666 inde
2934 2618 2967 2661 a

615 2732 674 2795 p.
737 2712 838 2793 18,
871 2711 1133 2790 7-30,
1163 2712 1266 2772 25.
1371 2707 1554 2784 Quod
1622 2714 1810 2793 caput
1874 2729 1911 2771 a
1975 2707 2500 2774 Schottmuellero
2564 2711 2602 2773 l.
2668 2710 2706 2772 l.
2775 2731 2830 2794 p.
2892 2707 2964 2770 18

615 2823 873 2902 propter
927 2810 1172 2880 ‘uelut'
1230 2817 1512 2878 maxime
1574 2817 2091 2879 conilmctionem
2151 2816 2522 2880 Palaemoni
2583 2818 2964 2901 adscriptum

618 2928 728 2986 est.
823 2924 1040 3005 Atque
1105 2927 1502 3006 argumenta,
1571 2942 1733 3005 quae
1797 2923 2088 2986 adhibuit
2141 2925 2245 2987 uir
2303 2924 2528 2987 doctus
2583 2924 2664 2986 ad
2712 2923 2965 2988 demon-

617 3030 949 3093 strandum
997 3031 1218 3114 capitis
1265 3034 1586 3093 auctorem
1636 3030 1796 3092 nihil
1844 3035 1955 3111 est,
2006 3032 2161 3113 quin
2209 3030 2485 3113 probem.
2577 3030 2718 3093 Hac
2760 3036 2965 3093 autem

616 3138 689 3200 in
733 3156 802 3200 re
848 3138 1030 3201 aliter
1073 3139 1311 3219 iudicO,
1374 3137 1545 3219 quod
1606 3138 1830 3200 statuit
1874 3136 2289 3201 Remmianae
2346 3138 2669 3202 doctrinae
2715 3135 2965 3200 alterius

616 3246 1020 3327 grammatici
1067 3244 1546 3308 obseruationes
1592 3244 1766 3307 haud
1811 3263 1984 3306 raras
2030 3245 2438 3327 interpositas
2490 3263 2629 3309 esse
2681 3245 2801 3307 hac
2845 3259 2964 3305 una

619 3371 810 3414 causa
875 3351 1204 3433 adductUS,
1271 3350 1442 3432 quod
1507 3350 1767 3413 triciens
1829 3350 1961 3414 fere
2026 3352 2336 3436 exemplis
2396 3344 2536 3414 ‘ut'
2602 3348 2963 3414 coniunctio

616 3478 732 3542 pro
775 3452 1022 3521 ‘uelut'
1080 3458 1435 3541 praeposita
1490 3461 1669 3519 esset.
1766 3456 2032 3521 Censuit
2085 3460 2191 3521 uir
2248 3459 2471 3521 doctus
2526 3458 2564 3520 1.
2613 3459 2650 3520 1.
2698 3479 2754 3542 p.
2806 3459 2844 3521 8
2882 3474 2961 3531 8(1.

618 3563 1086 3645 Palaemonem,
1136 3565 1433 3646 quotiens
1480 3581 1614 3625 non
1661 3567 1952 3627 ueterum
2000 3567 2380 3648 scriptorum
2425 3564 2623 3628 uerba
2668 3563 2962 3638 laudaret,

617 3672 731 3735 sed
779 3675 889 3734 aut
945 3670 1200 3752 singula
1255 3669 1455 3732 uerba
1506 3670 1576 3732 in
1626 3671 1990 3754 exemplum
2041 3676 2302 3735 uocaret
2346 3675 2457 3734 aut
2501 3671 2635 3754 ipse
2683 3666 2963 3750 exempla

617 3776 741 3840 sibi
788 3775 1075 3859 fingeret,
1132 3768 1378 3839 ‘uelut’
1426 3778 1881 3855 coniunctione
1930 3798 2002 3842 ea
2047 3798 2295 3862 semper
2339 3777 2692 3841 induxisse.
2787 3768 2964 3852 Quod

621 3903 813 3966 quam
880 3883 1113 3946 falsum
1181 3888 1378 3967 atque
1451 3884 1801 3948 absurdum
1866 3887 1974 3968 sit,
2045 3886 2216 3948 facili
2289 3886 2545 3968 negotio
2615 3884 2962 3948 ostenditur

615 3990 819 4072 idque
883 3991 975 4053 eis
1046 3991 1399 4073 particuliS,
1475 4012 1636 4074 quas
1703 3991 2024 4057 Charisius
2087 3992 2456 4056 Palaemoni
2529 3993 2665 4076 ipse
2729 3986 2958 4054 tribuit·

618 4095 789 4159 Nam
835 4098 953 4161 etsi
997 4117 1195 4180 paene
1235 4098 1412 4162 dolui
1457 4119 1560 4163 me
1598 4104 1853 4183 tempus
1900 4119 1972 4162 ac
2020 4100 2296 4183 spatium
2342 4099 2605 4183 perdere
2651 4100 2721 4161 in
2758 4094 2958 4167 rebuS,

801 4328 843 4396 ¹)
884 4327 950 4383 cf.
991 4344 1128 4397 quae
1165 4326 1307 4381 infra
1343 4328 1408 4381 de
1447 4327 1624 4397 capite
1661 4327 1787 4382 libri
1825 4329 2051 4383 secundi
2087 4330 2167 4383 VI
2204 4329 2449 4398 exposita
2484 4332 2628 4383 sunt.
