3197 4992
1290 362 1731 424 -..’13-.,

321 538 556 603 Omnia
601 539 889 618 nomina,
955 555 1121 619 quae
1168 556 1236 600 as
1282 537 2031 619 terminantursyllaba,
2079 540 2400 622 siquidem
2446 538 2675 604 Latina

321 651 476 710 sunt
519 645 902 725 masculina,
949 645 1122 707 tertii
1168 644 1415 709 ordinis
1461 650 1681 708 erunt:
1746 643 2038 709 Suffenas
2084 643 2451 726 SuffenatiS,
2500 645 2672 710 Mae*

323 772 517 816 cenas
561 745 998 816 Maecenatis'.
1098 818 1103 822 ,
2444 772 2446 775 ’

506 857 715 933 Quint.
753 857 802 940 I,
843 860 1036 939 6,13;
1083 850 1223 921 ‘Illi
1270 863 1481 922 autem
1529 862 1638 939 (sc.
1676 858 2101 943 grammatici)
2149 860 2341 937 idem,
2376 880 2540 924 *cum
2575 862 2674 922 in-

324 971 744 1049 terrogantur,
784 985 901 1028 cur
931 957 1120 1048 ‘aper
1156 967 1292 1049 apri
1303 959 1340 1045 ²,
1381 946 1442 1028 et
1477 958 1695 1048 ‘pater
1729 958 1955 1048 patris'
1992 967 2202 1048 faciat,
2238 967 2403 1030 illud
2438 987 2675 1032 nomen

320 1074 628 1156 positum,
685 1073 809 1136 hoc
855 1071 937 1134 ad
983 1072 1229 1155 ahquid
1277 1092 1413 1136 esse
1460 1072 1875 1138 contendunt.
1967 1073 2306 1137 Praeterea
2366 1076 2670 1157 quoniam

319 1184 675 1262 utrumque
730 1199 767 1242 a
815 1177 1055 1242 Graeco
1116 1180 1382 1243 ductum
1440 1181 1547 1259 sit,
1606 1180 1686 1243 ad
1747 1199 1888 1243 eam
1943 1181 2259 1244 rationem
2312 1188 2665 1246 recurrunt

318 1294 396 1350 ut
439 1281 692 1371 πατρός
735 1288 950 1370 patris,
1000 1282 1257 1371 κάπρου
1306 1289 1445 1371 apri
1488 1280 1731 1352 faciat'.

501 1393 738 1459 Charis,
784 1415 842 1477 p.
884 1396 987 1475 83
1018 1396 1085 1458 8;
1133 1387 1357 1461 ‘Pater
1401 1394 1596 1477 patris
1646 1413 1794 1456 cum
1838 1392 2028 1457 faciat
2074 1399 2138 1458 et
2184 1399 2383 1458 mater
2429 1397 2670 1478 matris,

325 1521 443 1566 cur
507 1501 895 1565 dissimiliter
959 1520 1112 1584 aper
1174 1501 1311 1584 apri
1377 1505 1439 1564 et
1484 1519 1673 1583 caper
1732 1502 1908 1584 capri
1972 1500 2133 1564 solet
2193 1503 2456 1584 quaeri.·
2545 1501 2673 1566 Sed

330 1607 571 1670 Graeca
631 1607 972 1672 declinatio
1038 1607 1431 1695 aduertenda
1495 1613 1615 1689 est,
1680 1607 1794 1675 ubi
1860 1608 2385 1691 deprehendetur.
2496 1610 2675 1674 Tunc

331 1717 502 1787 enim
546 1734 660 1781 nos
707 1734 738 1779 s
783 1715 1058 1781 litteram
1103 1716 1405 1798 genetiuo
1453 1714 1705 1778 adicere
1754 1714 2078 1797 debemUS,
2140 1735 2290 1779 cum
2334 1717 2432 1779 illi
2478 1719 2671 1797 σίγμα

328 1821 531 1885 eidem
576 1823 872 1905 genetiuo
919 1823 1223 1904 adiciunt,
1271 1826 1334 1890 et
1380 1841 1530 1885 cum
1576 1823 1705 1889 illis
1727 1822 2048 1907 ,similiter
2093 1823 2446 1906 detrahere,
2493 1825 2676 1888 uelut

322 1932 442 1993 τοῦ
485 1922 732 2011 πατρός
778 1931 993 2012 patris,
1039 1931 1152 2013 τῆς
1194 1921 1434 2013 μητρός
1480 1930 1734 2011 matris;
1781 1948 1968 2012 porro
2014 1931 2131 1992 τοῦ
2176 1922 2432 2013 κάπρου
2480 1934 2671 2016 capri,

321 2040 441 2099 τοῦ
489 2031 683 2118 ἀγροῦ
738 2029 938 2119 agri'3
998 2040 1060 2098 et
1112 2056 1169 2118 p.
1224 2039 1462 2117 156,4:
1522 2029 1720 2121 ‘Sunt
1786 2038 2098 2120 quaedam
2152 2041 2439 2119 nomina,
2507 2059 2671 2122 quae

320 2163 434 2228 per
478 2163 546 2208 se
610 2145 751 2207 sine
798 2142 1060 2206 alterius
1123 2144 1320 2225 partis
1380 2144 1683 2208 orationis
1749 2144 2139 2208 adminiculo
2204 2146 2493 2228 intellegi
2540 2165 2673 2208 non

321 2255 607 2335 possunt,
649 2269 812 2333 quae
841 2249 1062 2313 Graeci
1103 2248 1328 2311 dicunt
1363 2252 1490 2317 ,τῶν
1526 2246 1691 2332 πρός
1726 2274 1806 2328 τι,
1846 2251 1915 2313 id
1953 2256 2049 2315 est
2085 2252 2166 2315 ad
2204 2251 2463 2335 aliquid,
2506 2271 2670 2334 quae

323 2378 452 2422 non
499 2362 772 2441 possunt
814 2356 1101 2439 intellegi
1148 2355 1299 2437 sola,
1345 2361 1417 2420 ut
1463 2363 1643 2439 pater
1688 2351 1934 2422 mater'.
1954 2359 2003 2441 1)
2052 2395 2127 2404 —

503 2462 679 2539 Quae
743 2463 1146 2528 necessitudo
1209 2461 1607 2538 Quintiliano
1672 2464 2030 2529 intercedat
2094 2484 2242 2529 cum
2302 2465 2671 2548 posterioris

323 2574 547 2637 aetatis
582 2573 1032 2655 grammaticis,
1072 2591 1233 2653 quos
1271 2591 1308 2633 a
1335 2571 1720 2637 Palaemone
1756 2572 2035 2656 pendere
2074 2578 2291 2656 postea
2329 2573 2672 2635 conuince-

319 2699 470 2746 mus
517 2680 727 2758 uides3
786 2679 971 2742 uides
1017 2681 1211 2743 etiam
1257 2684 1355 2760 ut,
1419 2699 1585 2762 quae
1634 2701 1671 2743 a
1719 2678 2115 2755 Quintiliano
2172 2681 2454 2743 indicata
2501 2686 2666 2761 sunt,

321 2786 721 2870 grammatici
767 2786 1058 2868 pleniora
1100 2785 1462 2869 praebeant.
1536 2768 1686 2851 Non
1733 2788 1904 2851 enirn
1953 2787 2179 2850 docere
2227 2787 2370 2849 uult
2415 2784 2671 2862 Quinti-

319 2892 535 2956 lianus
570 2894 1068 2975 grammaticam,
1108 2898 1180 2955 ut
1217 2894 1305 2956 ait
1340 2891 1472 2975 I,4,
1498 2896 1598 2975 17,
1638 2913 1758 2958 nec
1787 2901 1987 2960 artem
2018 2912 2395 2977 componere
2432 2895 2519 2978 (5,
2542 2894 2672 2976 54),

221 3053 225 3058 .
321 3000 438 3064 sed
485 3000 892 3066 educandum
938 3004 1272 3081 oratorem,
1320 3002 1507 3079 cuius
1553 3002 1767 3065 studia
1811 3008 1885 3065 ut
1930 3001 2009 3064 ab
2056 3001 2326 3065 infantia
2369 3000 2676 3064 formaret

323 3106 449 3170 sibi
495 3108 894 3190 proposuerit
938 3106 1013 3189 (I,
1036 3104 1120 3191 5),
1165 3108 1238 3169 in
1281 3112 1520 3171 rectam
1560 3109 1733 3170 uiam
1780 3108 2085 3171 inducere
2133 3108 2348 3170 omnia
2392 3106 2677 3170 breuiter

322 3214 872 3278 demonstraturus
920 3214 994 3296 (I,
1029 3217 1155 3297 25).
1264 3214 1355 3278 At
1420 3216 1837 3296 quantumuis
1898 3215 2382 3295 grammaticam
2448 3214 2673 3276 adum-

320 3322 633 3404 brauerit,
705 3322 1125 3385 nihilominus
1195 3325 1411 3384 tamen
1474 3321 1767 3404 uestigiis
1815 3321 1955 3385 eius
1999 3321 2363 3383 institimus.
2495 3319 2674 3395 Quae

322 3429 697 3513 singillatim
750 3429 1049 3511 persequi
1096 3428 1216 3490 hoc
1259 3428 1399 3490 loco
1446 3446 1656 3510 neque
1701 3428 1850 3491 uolo
1897 3446 2111 3510 neque
2155 3446 2435 3510 possum.
2528 3426 2673 3492 Suf-

320 3536 553 3602 ficiunt
587 3554 729 3599 meo
771 3535 1030 3618 quidem
1075 3534 1317 3600 iudicio
1357 3554 1446 3616 ea,
1495 3553 1659 3617 quae
1696 3535 1901 3616 attuli,
1940 3535 2021 3598 ad
2060 3533 2490 3617 detegendum
2530 3534 2669 3597 eius

324 3649 675 3722 auctorem3
735 3643 789 3704 si
835 3643 939 3705 cui
985 3642 1176 3704 altius
1222 3646 1555 3724 penetrare
1601 3642 1856 3726 libebit,
1907 3642 2266 3707 Charisium
2312 3642 2669 3722 admoueat,

325 3752 440 3835 qui
495 3751 644 3814 licet
687 3748 1089 3814 Palaemonis
1145 3753 1344 3816 artem
1400 3751 1562 3813 miro
1620 3750 1811 3814 modo
1869 3751 2231 3815 confuderit
2276 3769 2351 3813 ac
2397 3749 2684 3812 circnma

323 3860 583 3939 ciderit,
621 3862 863 3936 ,tamen
927 3855 1156 3922 siluam
1223 3874 1446 3919 earum
1490 3877 1708 3922 rerum
1772 3858 1944 3921 haud
1991 3857 2375 3922 mediocrem
2439 3858 2672 3939 posuit,

321 3966 758 4032 Inueniuntur
803 3963 995 4025 etiam
1043 3963 1214 4045 apud
1262 3961 1760 4046 Quintilianum,
1819 3984 1982 4047 quae
2029 3972 2166 4028 tum
2217 3964 2477 4027 demum
2524 3982 2670 4046 ape-

321 4079 439 4146 riri
475 4076 793 4160 poterunt,
831 4090 979 4135 cum
1011 4070 1413 4138 Palaemonis
1453 4072 1742 4136 doctrina
1779 4090 1863 4133 ex
1902 4071 2198 4134 omnibus
2235 4071 2668 4154 grammaticis

507 4324 548 4392 ¹)
585 4320 864 4390 Respicias
900 4317 1085 4386 uelim,
1123 4334 1260 4386 quae
1298 4318 1370 4371 sit
1406 4318 1659 4371 dictionis
1697 4316 1993 4371 similitudo
2022 4316 2080 4369 in
2106 4318 2201 4384 eiS,
2241 4333 2379 4386 quae
2418 4332 2449 4369 a
2486 4316 2660 4369 tribus

319 4415 437 4470 illis
474 4408 838 4483 grammaticis
875 4407 1153 4465 arcessiui.
1192 4429 1195 4432 ’
