3197 4992
1527 328 1966 390 ...12—

574 507 1068 569 mormemoris
1101 555 1115 569 .
1148 556 1160 568 .
1192 555 1205 568 .
1266 505 1410 586 Sed,
1467 508 1522 569 si
1567 509 1801 567 natura
1849 504 2091 567 Graeca
2135 506 2400 585 fuerint,
2460 507 2681 588 utique
2726 509 2943 569 corri-

572 612 858 695 piuntur,
911 617 980 677 ut
1023 612 1268 676 Hector
1300 611 1629 693 HectoriS,
1675 610 1909 676 Nestor
1951 611 2268 676 Nestoris.
2300 658 2312 676 .
2344 607 2420 697 .';
2468 620 2533 677 et
2576 634 2633 696 p.
2683 615 2943 694 63,11:

565 712 801 793 ‘Quare
848 738 997 801 ergo
1048 717 1265 782 Cicero
1315 719 1665 800 Ciceronis,
1726 718 1917 782 turbo
1977 717 2290 782 turbinis?
2383 717 2612 783 Omnia
2658 723 2944 784 nomina

567 845 604 888 o
651 826 882 889 littera·
913 826 1101 905 elata,
1159 825 1476 908 siquidem
1532 826 1789 908 propria
1846 827 1996 906 sint,
2057 845 2175 908 per
2233 827 2374 889 onis
2430 828 2729 909 genetiuo
2776 827 2940 891 effe-

567 937 826 1015 runtur,
886 937 962 995 ut
1007 932 1180 994 Zeno
1228 932 1529 1012 Zenonis,
1576 931 1763 995 Plato
1808 925 2156 1010 Platonis’3
2215 941 2279 995 et
2324 953 2380 1016 p.
2431 935 2534 1013 64,
2556 935 2668 997 20:
2727 927 2939 997 ‘Item

570 1041 917 1122 quaeritur,
967 1058 1164 1122 quare
1210 1038 1361 1102 Sino
1410 1037 1694 1119 Sinonis,
1753 1037 2009 1102 Memno
2055 1037 2436 1102 Memnonis.
2532 1038 2764 1103 Omnia
2807 1061 2939 1104 no-

572 1147 747 1209 mina
808 1146 1050 1210 Graeca
1108 1146 1416 1209 Graecam
1476 1146 1784 1208 rationem
1843 1152 1905 1208 et
1964 1147 2136 1229 apud
2189 1140 2446 1210 Latinos
2503 1152 2806 1210 secuntur
2864 1153 2940 1212 et

571 1256 727 1314 tunc
773 1253 1135 1334 producunt
1189 1272 1225 1315 o
1271 1253 1548 1315 litteram
1606 1253 1939 1334 genetiuo,
1994 1272 2142 1316 cum
2191 1256 2380 1317 etiam
2428 1254 2597 1337 apud
2646 1253 2936 1318 Graecos

571 1359 965 1441 producunt,
1024 1360 1204 1423 uelut
1259 1353 1483 1421 Κόνων
1535 1354 1830 1429 Κόνωνος
1885 1364 1948 1422 et
2003 1361 2172 1443 apud
2227 1381 2345 1424 nos
2404 1360 2579 1424 Cono
2628 1359 2932 1425 Cononis.

571 1463 638 1527 Si
677 1470 892 1528 autem
932 1467 1099 1550 apud
1142 1466 1415 1529 Graecos
1463 1467 1833 1548 corripiunt,
1882 1466 2104 1530 eadem
2152 1460 2553 1532 similiteret
2598 1468 2764 1551 apud
2804 1487 2935 1531 nos

573 1574 864 1651 Μέμνων
912 1576 1273 1654 Μέμνονος,
1338 1593 1455 1637 nos
1501 1572 1764 1637 Memno
1819 1571 2186 1638 Memnonis
2220 1624 2233 1638 .
2282 1625 2295 1638 .
2346 1624 2359 1638 .
2422 1575 2707 1658 Antipho
2765 1595 2933 1658 quo-

571 1696 696 1759 que
752 1684 815 1740 et
858 1677 1168 1764 Demipho
1233 1681 1526 1744 similiter
1593 1676 1997 1744 declinantur
2052 1684 2160 1763 (so.
2218 1683 2523 1764 quoniam
2577 1683 2647 1744 in
2693 1681 2935 1745 Latina

572 1784 912 1847 reformata
976 1786 1168 1870 sunt),
1234 1788 1428 1850 huius
1473 1788 1866 1871 Antiphonis
1913 1786 2356 1872 Demiphonis,
2421 1808 2579 1869 non,
2644 1793 2717 1852 ut
2780 1791 2933 1870 qui-

573 1890 721 1953 dam
786 1897 1042 1974 putant,
1099 1895 1514 1977 Antiphontis
1572 1900 1635 1958 et
1683 1894 2130 1979 Demiphontis
2178 1897 2422 1959 Graeca
2478 1896 2929 1960 declinatione.

575 1996 808 2061 Omnia
853 2001 1026 2061 enim
1074 2000 1344 2083 Graeca,
1393 2021 1558 2084 quae
1607 2022 1685 2064 on
1738 2007 2000 2084 exeunt,
2061 2009 2135 2066 ut
2179 2004 2511 2086 Antiphon
2558 2001 2929 2086 Demiphon

574 2106 814 2167 dracon
873 2106 1044 2188 leon,
1100 2108 1346 2172 faciunt
1400 2111 1775 2192 genetiuum
1834 2111 1906 2173 in
1960 2113 2069 2191 tis,
2125 2102 2198 2174 ut
2242 2111 2657 2194 Antiphontis
2703 2108 2931 2173 Demi-

571 2213 829 2295 phontis
896 2213 1220 2278 dracontis
1282 2216 1538 2280 leontis:
1611 2211 2017 2297 Ἀντιφιῦντος
2072 2220 2508 2300 Δημοφῶντος
2572 2207 2931 2301 δράκοντος

573 2320 845 2396 λέοντος,
897 2326 960 2384 et
998 2323 1231 2385 amissa
1268 2342 1306 2384 n
1350 2323 1560 2386 littera
1595 2323 1822 2385 Latina
1858 2323 2221 2386 redduntur
2268 2329 2347 2404 et,
2389 2329 2458 2386 ut
2504 2327 2765 2406 oportet,
2813 2323 2930 2386 de-

574 2428 899 2491 clinantur
932 2427 1175 2511 Latine,
1221 2435 1295 2492 ut
1327 2429 1617 2514 *Antipho
1655 2428 1973 2513 Demipho
2023 2431 2211 2493 draco
2249 2431 2349 2493 leo
2398 2436 2459 2493 et
2502 2429 2747 2493 faciunt
2782 2430 2928 2491 An-

573 2536 854 2618 tiphonis
900 2535 1320 2620 Demiphonis
1369 2538 1663 2600 draconis
1708 2530 1958 2603 leonjs’.

731 2643 968 2719 Quint.
1022 2647 1086 2724 1,
1114 2646 1194 2724 Ἰὃ,
1230 2647 1346 2707 61:
1403 2637 1535 2707 ‘Ne
1593 2646 1666 2707 in
1722 2666 1759 2707 a
1815 2644 2076 2727 quidem
2131 2649 2321 2726 atque
2380 2664 2410 2705 s
2454 2644 2698 2707 litteras
2745 2635 2931 2707 exire

573 2757 811 2815 temere
858 2751 1212 2815 masculina
1257 2770 1486 2833 graeca
1521 2754 1783 2815 nomina
1829 2757 1999 2815 recto
2039 2770 2190 2814 casu
2230 2749 2641 2833 patiebantur
2687 2799 2701 2813 .
2733 2800 2746 2813 .
2777 2800 2790 2813 .
2839 2767 2929 2813 ne

572 2860 906 2939 miremur,
971 2858 1141 2941 quod
1189 2856 1266 2919 ab
1315 2860 1730 2941 antiquorum
1777 2859 2099 2942 plerisque
2144 2850 2417 2920 ‘Aenea'
2463 2864 2537 2921 ut
2581 2851 2929 2921 ‘Anchisa'

574 2968 658 3029 sit
705 2966 931 3029 dictus.
1024 2964 1217 3027 Nam-
1252 2967 1306 3027 si
1366 2971 1439 3029 ut
1482 2959 1850 3032 ‘Maecenas
1897 2964 2189 3027 Suffenas
2233 2958 2588 3048 Asprenas'
2637 2965 2928 3028 diceren-

575 3078 696 3153 tur,
743 3075 1043 3156 genetiuo
1093 3092 1249 3136 casu
1294 3092 1424 3135 non
1475 3093 1509 3137 e
1553 3073 1781 3154 littera,
1829 3072 1939 3136 sed
1985 3073 2066 3134 tis
2103 3071 2349 3152 syllaba
2385 3065 2930 3136 terminarentur.²

756 3178 994 3242 Charis.
1043 3200 1101 3263 p.
1154 3183 1394 3260 67,11:
1453 3173 1652 3243 cNam
1709 3180 2067 3243 masculina
2126 3179 2317 3241 modo
2376 3199 2442 3242 es
2490 3181 2677 3243 modo
2726 3201 2763 3243 a
2807 3200 2928 3243 no-

575 3287 888 3349 minatiuo
938 3307 1089 3350 casu
1136 3293 1389 3351 ueteres
1435 3289 1969 3367 terminauerunt,
2024 3287 2208 3350 uelut
2252 3287 2572 3349 Anchises
2621 3287 2927 3368 Anchisa,

577 3391 853 3472 Chryses
912 3390 1212 3474 Chrysa³3
1273 3400 1336 3458 et
1390 3416 1447 3478 p.
1500 3396 1738 3476 66,11:
1782 3387 1901 3456 ‘As
1948 3387 2057 3477 (sc.
2108 3392 2381 3476 syllaba)
2428 3395 2768 3456 terminata
2812 3413 2929 3457 no·

573 3502 749 3562 mina
796 3520 948 3562 casu
996 3503 1396 3582 nominatiuo
1442 3503 1511 3564 in
1558 3496 1858 3585 genetiuo
1908 3506 2232 3565 crescente
2289 3501 2346 3562 is
2393 3499 2640 3580 syllaba
2684 3500 2926 3564 finiun-

574 3612 706 3687 tur,
753 3612 828 3669 ut
872 3606 1206 3672 Maecenas
1253 3607 1668 3688 Maecenatis,
1727 3608 2058 3690 Asprenas
2103 3607 2479 3690 Asprenatis
2514 3657 2527 3670 .
2558 3656 2572 3670 .
2604 3658 2617 3671 .
2699 3606 2823 3671 Sed
2871 3608 2926 3671 si

575 3716 705 3776 sint
767 3716 1127 3798 peregrina,
1192 3717 1493 3800 genetiuo
1556 3735 1706 3778 casu
1754 3716 1820 3777 in
1872 3734 1944 3777 ae
1993 3714 2314 3794 deficient,
2374 3719 2448 3776 ut
2477 3714 2749 3777 Aeneas
2795 3714 2925 3779 Ae-³

574 3840 764 3885 neae.
798 3872 809 3883 .
843 3871 889 3902 .,
940 3823 1240 3904 quamuis
1278 3828 1528 3885 ueteres
1561 3814 1702 3884 ‘hic
1742 3816 1993 3884 Aenea²
2033 3822 2317 3883 dixerint
2353 3822 2494 3883 sine
2532 3840 2579 3903 S,
2616 3826 2691 3884 ut
2718 3821 2923 3884 Varro

573 3927 643 3990 in
680 3929 823 4011 Age
870 3930 1094 3992 mod0.
1136 3980 1148 3992 .
1190 3980 1201 3992 .
1285 3929 1718 3992 Inueniuntur
1754 3934 1963 3991 tamen
2005 3923 2318 4010 quaedam
2354 3929 2708 4010 peregrina,
2758 3946 2924 4010 quae

576 4055 726 4098 cum
779 4037 1172 4099 incremento
1233 4034 1519 4115 syllabae
1584 4035 2018 4115 declinantur,
2074 4038 2149 4095 ut
2195 4033 2457 4097 Calchas
2497 4085 2509 4097 .
2551 4085 2562 4097 .
2604 4085 2617 4097 .
2681 4036 2926 4097 faciunt

574 4145 746 4206 enim
798 4142 1155 4205 Calchantis
1195 4191 1206 4203 .
1249 4192 1260 4204 .
1304 4192 1315 4203 .
1384 4145 1677 4223 quamuis
1724 4141 2001 4223 antiqui,
2048 4147 2121 4204 ut
2168 4140 2497 4205 Pacuuius
2545 4147 2607 4204 et
2650 4142 2925 4205 Plautus

578 4248 876 4312 Calcham
917 4250 1149 4330 dicant,
1198 4268 1326 4311 non
1368 4247 1776 4311 Calchantem
1816 4298 1827 4310 .
1869 4297 1881 4309 .
1923 4299 1935 4310 .
2015 4248 2189 4312 Solet
2225 4250 2450 4311 uenire
2486 4249 2556 4310 in
2608 4249 2923 4331 quaestio-

575 4376 742 4438 nem,
782 4376 977 4439 quare
1006 4357 1260 4419 Aeneas
1290 4357 1565 4436 Aeneae,
1596 4355 1930 4418 Maecenas
1950 4354 2356 4436 Maecenatis,
2384 4354 2587 4418 Thoas
2605 4355 2921 4418 Thoantis
