3197 4992
337 1391 400 1458 Ι.
461 1390 653 1480 Quae
691 1391 883 1476 apud
922 1391 1327 1459 charisium
1365 1392 1692 1477 aliosque
1730 1393 1862 1459 sub
1903 1392 2358 1461 Palaemon1s
2396 1395 2692 1462 nomine

341 1500 635 1565 exstant
695 1498 1209 1582 grammatica,
1272 1517 1356 1565 ea
1401 1516 1548 1567 non
1595 1498 2054 1568 Palaemonis
2110 1499 2520 1584 cuiusdam,
2570 1501 2696 1586 qui

344 1607 604 1689 quarto
666 1604 823 1671 fere
889 1624 963 1690 p.
1012 1604 1177 1679 Chr.
1226 1606 1516 1673 saeculo
1578 1604 1806 1673 fuerit
1822 1653 1842 1689 ‚
1910 1605 2035 1672 sed
2081 1605 2160 1695 Q.
2207 1604 2520 1673 Remmii
2565 1606 2696 1675 Pa·

713 1712 1069 1780 laemonis
1118 1730 1272 1778 esse
1320 1713 1770 1796 argument1s
1817 1713 2317 1781 confirmatur.

524 1888 579 1966 Q
623 1889 993 1954 Remmium
1039 1889 1525 1969 Palaemonem,
1590 1910 1781 1974 quem
1826 1890 2074 1955 Tiberio
2134 1891 2531 1977 Claudioque
2577 1893 2698 1955 im-

334 1996 709 2080 perantibus
774 1997 1128 2080 principem
1192 1996 1437 2060 Romae
1500 1999 1669 2060 inter
1730 2000 2177 2081 grammaticos
2242 1999 2456 2062 locum
2533 1998 2694 2061 obti-

335 2104 555 2166 nuisse
594 2103 943 2167 Suetonius
959 2102 1008 2186 l)
1055 2103 1273 2185 tradit,
1318 2105 1602 2186 primum
1642 2107 1961 2181 omnium,
2011 2103 2184 2186 quod
2224 2104 2484 2187 quidem
2531 2106 2691 2168 scia-

336 2229 496 2286 mus,
545 2214 747 2273 artem
792 2209 1066 2273 edidisse
1111 2211 1597 2293 grammaticam
1644 2230 1792 2274 cum
1838 2230 1923 2274 ex
1970 2211 2113 2274 aliis
2172 2209 2375 2274 firmis
2430 2211 2690 2275 indiciis

340 2321 475 2379 tum
522 2335 605 2379 ex
652 2315 728 2379 D.
775 2315 818 2378 J
823 2317 964 2379 unii
1009 2315 1053 2379 J
1058 2317 1350 2380 uuenalis
1396 2316 1617 2380 uerbis
1664 2323 1776 2380 sat.
1815 2317 1928 2380 VI.
1967 2337 2030 2379 u.
2069 2319 2199 2380 452
2250 2317 2683 2381 exstantibus:

339 2416 491 2486 ‘Odi
538 2423 703 2486 hanc
741 2441 877 2507 ege,
928 2440 1092 2506 quae
1129 2424 1361 2507 repetit
1397 2423 1737 2507 noluitque
1775 2424 2179 2487 Palaemonis
2226 2418 2463 2487 artem'
2512 2426 2686 2488 coni·

337 2530 562 2594 cimus.
648 2528 823 2605 Quae
861 2550 963 2592 ars
1011 2550 1161 2593 cum
1200 2536 1563 2614 temporum
1605 2532 2028 2595 diuturnitate
2067 2529 2426 2615 deperierit,
2471 2538 2685 2597 tamen

331 2637 641 2719 reliquiae
698 2638 838 2700 eius
897 2636 1211 2719 quaedam
1269 2638 1441 2721 apud
1507 2639 1877 2722 posterioris
1934 2639 2159 2701 aetatis
2217 2641 2684 2722 grammaticos,

333 2742 502 2825 apud
550 2741 943 2824 Charisium,
999 2741 1409 2827 Diomedem,
1465 2746 1624 2809 alios
1681 2750 1971 2808 seruatae
2034 2751 2201 2809 sunt.
2298 2744 2464 2809 Satis
2512 2747 2684 2810 enim

332 2854 664 2933 perspecta
727 2855 820 2913 est
883 2851 1311 2933 posteriorum
1371 2853 1939 2935 grammaticorum
2001 2852 2072 2913 in
2127 2852 2373 2915 artibus
2430 2871 2683 2937 compo-

331 2956 560 3019 nendis
604 2956 765 3019 ratio
802 2956 932 3033 illa,
982 2976 1111 3039 qua
1155 2957 1306 3021 inde
1352 2977 1388 3020 a
1435 2957 1717 3022 secundo
1763 2957 1897 3021 fere
1943 2978 2001 3041 p.
2046 2956 2189 3022 Chr.
2222 2959 2479 3023 saeculo
2519 2960 2681 3024 nihil

332 3062 513 3125 aliud
551 3061 1001 3143 moliebantur,
1051 3082 1247 3145 quam
1294 3069 1367 3127 ut
1413 3066 1846 3147 antiquiorum
1884 3067 2444 3148 grammaticorum
2483 3066 2681 3130 libros

334 3168 758 3252 despoliarent
823 3151 1191 3252 copiasque,
1268 3190 1432 3252 quae
1493 3170 1877 3235 florentibus
1942 3170 2173 3234 studiis
2245 3174 2681 3255 grammaticis

331 3281 744 3340 coaceruatae
782 3281 951 3357 sunt,
997 3276 1415 3359 compilarent
1460 3281 1656 3359 atque
1713 3285 2148 3360 excerperent.
2224 3276 2395 3353 Quid
2442 3280 2679 3342 mirum

328 3382 529 3465 igitur
577 3383 750 3445 uiros
789 3382 1005 3446 doctos
1052 3402 1232 3446 nunc
1279 3383 1346 3445 in
1395 3402 1533 3447 eam
1580 3403 1716 3447 rem
1754 3381 2143 3460 incumbere,
2194 3388 2264 3446 ut
2307 3389 2680 3468 grammati-

329 3506 549 3551 corum
596 3490 869 3552 istorum
906 3490 1142 3553 scrinia
1178 3495 1658 3573 perscrutentur
1702 3496 2177 3574 praeceptaque,
2225 3512 2262 3555 a
2301 3491 2537 3574 quibus
2583 3513 2683 3557 re-

330 3603 513 3678 cepta
557 3599 710 3659 sunt
774 3595 1144 3659 auctoribus
1208 3597 1542 3661 restituere
1597 3597 1917 3661 studeant.
2011 3596 2196 3674 Quod
2250 3599 2549 3681 equidem
2601 3601 2679 3665 de

329 3698 399 3774 Q.
435 3699 715 3763 Remmii
752 3698 1160 3764 Palaemonis
1200 3703 1491 3767 doctrina
1536 3710 1857 3787 praestare
1897 3705 2190 3769 conabor.
2275 3707 2494 3790 Longe
2542 3728 2675 3770 ma-

325 3807 503 3869 xima
558 3811 774 3870 autem
817 3806 1353 3873 Palaemonianae
1415 3810 1742 3874 doctrinae
1797 3832 1943 3895 pars
2001 3832 2115 3895 per
2157 3812 2457 3877 Flauium
2507 3813 2677 3878 Sosi-

325 3918 578 3995 patrum
648 3912 1009 3977 Charisium
1074 3915 1260 3979 nobis
1325 3916 1558 3980 tradita
1623 3925 1745 3996 est,
1813 3938 1848 3980 a
1916 3938 2043 4001 quo
2110 3921 2320 3983 omnis
2386 3923 2676 4003 quaestio

326 4020 596 4083 oriunda
653 4025 773 4102 est,
832 4023 1069 4106 quippe
1126 4024 1238 4105 qui
1301 4026 1791 4086 commentarIOs
1853 4044 1990 4088 sese
2046 4026 2296 4109 aliquot
2354 4048 2390 4090 a
2451 4027 2674 4092 Palae-

324 4144 514 4189 mone
559 4128 873 4209 recepisse
919 4129 1056 4212 ipse
1104 4134 1388 4193 testetur.

467 4373 509 4443 ¹)
546 4372 627 4426 De
664 4389 830 4443 gram.
871 4378 955 4429 23.
