3197 4992
1224 367 1667 428 -37—

254 544 493 606 maiore
560 562 645 607 ex
691 549 870 627 parte
935 546 1224 609 conlecta
1280 562 1395 607 suo
1464 561 1722 625 quoque
1790 542 2012 606 ordine
2078 538 2503 607 subiciemus'
2550 550 2612 607 et

252 649 427 732 apud
494 656 933 734 excerptorem
998 673 1054 735 p.
1126 654 1344 730 548,1
1417 655 1479 713 et
1536 649 1709 732 apud
1775 647 2150 712 Diomedem
2216 670 2274 732 p.
2341 653 2608 732 327,15

253 755 480 820 eadem
545 758 1131 841 deprehenduntur.
1227 758 1351 821 Vel
1397 755 1550 819 inde
1600 757 1948 819 conieceris
1997 775 2071 819 ea
2119 758 2333 819 omnia
2393 776 2523 820 non
2575 779 2613 820 a

255 861 574 943 Charisio,
626 864 738 928 sed
785 864 864 927 ab
912 870 1174 928 auctore
1220 865 1450 948 prioris
1497 864 1755 946 capitis,
1814 883 1850 924 a
1895 862 2283 926 Palaemone
2329 862 2612 946 profecta

256 989 416 1034 esse.
524 971 652 1034 Sed
717 972 1034 1036 accedunt
1096 972 1249 1035 alia:
1298 992 1356 1054 p.
1404 972 1519 1051 42,
1553 971 1666 1051 22,
1735 969 1848 1031 ubi
1911 968 2315 1032 Palaemonis
2382 971 2611 1033 doctri—

251 1097 405 1139 nam
453 1079 726 1161 proferri
772 1079 962 1162 paulo
1011 1084 1153 1162 post
1197 1077 1692 1156 noscitabimuS,
1741 1081 1963 1139 auctor
2009 1078 2212 1140 nostri
2261 1077 2483 1160 capitis
2530 1076 2610 1139 ad

249 1176 603 1248 ‘neutralia
661 1205 911 1268 semper
955 1180 1265 1269 pluralia²
1310 1206 1368 1268 p.
1419 1187 1523 1265 33,
1553 1186 1638 1245 25
1700 1184 1962 1266 respicit
2011 1184 2261 1248 dicens:
2321 1176 2612 1247 ‘dierum

252 1310 586 1355 sacrorum
637 1298 701 1355 et
747 1293 1160 1355 sollemnium
1210 1291 1686 1375 appellationeS,
1737 1309 1898 1372 quas
1934 1291 2061 1352 iam
2109 1310 2226 1353 suo
2266 1292 2405 1353 loco
2442 1290 2613 1352 inter

255 1399 575 1461 neutralia
613 1418 865 1481 semper
901 1400 1178 1482 pluralia
1216 1390 1644 1461 inseruimus³
1682 1401 1746 1459 et
1783 1397 2037 1459 eosdem
2078 1397 2215 1459 dies
2253 1395 2612 1476 sollemneS,

257 1525 419 1586 quas
471 1526 530 1588 p.
581 1508 662 1568 33
722 1507 790 1567 in
851 1506 1220 1588 exemplum
1276 1509 1482 1568 uocat.
1580 1495 2072 1566 ‘Carmentalia'
2129 1509 2346 1565 autem
2389 1494 2612 1564 ‘matri

256 1609 550 1674 Euandri
597 1612 909 1675 sacrificia
954 1606 1299 1693 instituta',
1350 1630 1514 1695 quae
1561 1630 1623 1693 p.
1673 1611 1863 1689 33,27
1915 1610 2336 1692 appellantur,
2386 1608 2612 1672 eadem

259 1724 606 1781 occurrunt
669 1719 842 1802 apud
891 1725 1332 1802 excerptorem
1393 1721 1463 1780 in
1525 1716 1842 1801 particula
1889 1719 2110 1779 tertiae
2166 1717 2614 1779 declinationis

258 1846 308 1906 p.
359 1828 511 1906 544,
533 1828 647 1908 29,
712 1846 907 1909 quam
958 1824 1286 1889 Charisius
1331 1827 1400 1888 in
1448 1826 1665 1909 priore
1713 1823 2122 1886 Palaemonis
2179 1824 2387 1905 capite
2433 1841 2612 1905 prae-

260 1933 543 1994 termisit.
637 1931 911 1995 Dicendi
969 1932 1201 1995 deinde
1257 1952 1464 2016 genus
1520 1932 1590 1994 id
1648 1936 1770 2011 est,
1835 1931 2009 2013 quod
2068 1951 2260 2014 supra
2306 1931 2613 2013 cognoui-

264 2058 434 2115 mus3
502 2039 657 2102 ordo
713 2058 932 2102 rerum
991 2039 1135 2102 talis
1199 2039 1405 2121 qualis
1457 2040 1527 2100 in
1581 2039 1770 2101 initio
1830 2039 2059 2121 capitis
2115 2038 2441 2100 indicatus
2500 2042 2609 2101 est.

271 2145 526 2209 Accedit
574 2146 747 2228 quod
792 2147 1247 2229 grauissimum
1297 2151 1409 2226 est,
1459 2144 1632 2228 quod
1679 2144 1935 2206 easdem
1984 2163 2085 2207 res
2125 2143 2347 2207 eodem
2388 2144 2610 2206 ordine

280 2258 597 2335 excerptor
646 2253 941 2315 decantat
1001 2258 1061 2315 et
1108 2253 1281 2335 quod
1330 2252 1644 2335 quaedam
1685 2253 1814 2313 iam
1862 2252 1930 2312 in
1978 2251 2189 2334 priore
2237 2252 2442 2333 capite
2490 2250 2610 2313 eis-

283 2355 408 2420 dem
450 2359 666 2422 uerbis
713 2363 881 2422 tacta
928 2364 1097 2422 sunt.
1183 2357 1395 2434 Quare
1445 2361 1605 2440 quin
1651 2359 1771 2420 hoc
1824 2363 2016 2440 caput
2058 2357 2464 2420 Palaemonis
2511 2357 2609 2436 sit,

274 2465 436 2530 nulla
470 2467 900 2550 interponitur
938 2465 1268 2530 dubitatio.
1334 2465 1523 2528 Adde
1563 2465 1737 2549 quod
1772 2465 1838 2527 in
1876 2464 2281 2547 praecedenti
2321 2465 2613 2528 doctrina

269 2576 324 2634 et
365 2571 696 2637 Charisius
743 2579 807 2638 et
855 2578 1192 2657 excerptor
1237 2573 1646 2636 Palaemonis
1695 2578 1895 2636 artem
1942 2574 2226 2636 retinuit.

431 2670 872 2765 ‘Monoptota'
920 2682 1148 2764 capitis
1195 2679 1349 2756 XII,
1395 2700 1453 2762 p.
1497 2682 1968 2761 35,18—37,7
2017 2682 2146 2743 iam
2186 2679 2611 2743 Schottmuel-

263 2785 349 2849 ler
388 2779 639 2851 ‘uelut'
678 2790 1152 2852 coniunctionis
1189 2807 1317 2850 usu
1356 2788 1537 2849 nisus
1574 2786 1946 2851 Palaemoni
1985 2787 2226 2863 tribuit,
2271 2788 2398 2849 nisi
2438 2785 2612 2868 quod

263 2910 354 2968 ea,
404 2913 568 2975 quae
615 2914 673 2977 p.
722 2896 1129 2976 35,21-26
1177 2895 1512 2976 leguntur,
1569 2898 1831 2976 propter
1873 2886 2162 2978 ‘utputa'
2212 2893 2610 2956 coniunctio—

263 3019 403 3062 nem
452 3007 514 3063 et
562 3004 872 3083 quoniam
920 3002 1090 3086 apud
1127 3001 1430 3081 Phocam,
1480 3001 1593 3082 qui
1640 3000 1956 3083 reliquam
1995 3002 2216 3083 capitis
2256 3000 2609 3062 doctrinam

263 3126 388 3169 non
434 3109 807 3191 recepisset,
864 3114 1196 3172 exstarent
1253 3126 1336 3170 ex
1384 3107 1582 3169 altero
1637 3106 1813 3170 fonte
1868 3107 2097 3169 hausta
2158 3126 2295 3169 esse
2343 3106 2608 3170 censuit.

264 3212 381 3277 Sed
429 3216 618 3277 etiam
667 3233 835 3290 eam,
885 3235 1077 3297 quam
1126 3217 1233 3278 uir
1278 3214 1504 3277 doctus
1551 3215 1806 3296 excepit
1850 3214 2228 3296 particulam
2279 3212 2609 3276 Palaemo-

261 3322 358 3383 nis
413 3340 551 3385 esse
599 3326 947 3404 excerptor.
988 3342 1047 3404 p.
1097 3323 1352 3402 551,10
1410 3320 1791 3404 comprobat.
1892 3319 2135 3382 Mirum
2197 3321 2366 3382 enim
2425 3324 2608 3400 esset,

266 3429 317 3489 si
364 3434 723 3512 excerptor,
775 3429 887 3510 qui
935 3427 1206 3491 eandem
1256 3428 1613 3490 doctrinam
1662 3428 1888 3491 eodem
1937 3409 2156 3490 ordine
2203 3425 2422 3506 tradit,
2467 3426 2606 3508 ipso

262 3534 370 3598 illo
419 3535 555 3598 loco
626 3535 902 3598 eundem
959 3536 1234 3598 alterum
1296 3536 1789 3617 grammaticum
1834 3536 2197 3618 inspexisse
2260 3533 2609 3597 uideretur.

265 3638 713 3705 Palaemonem
760 3661 914 3706 uero
975 3660 1107 3703 non
1153 3640 1374 3704 ubiuis
1418 3634 1669 3705 ‘uelut'
1718 3642 2175 3704 coniunctione
2230 3660 2423 3703 usum
2471 3634 2610 3703 esse

264 3765 456 3829 supra
519 3750 672 3812 satis
735 3767 1054 3832 superque
1125 3747 1539 3811 ostendimus.
1654 3748 1792 3811 Iam
1850 3767 1924 3811 ea
1979 3768 2186 3830 causa,
2254 3768 2382 3830 qua
2440 3748 2613 3831 apud

266 3851 541 3916 Phocam
589 3856 839 3939 reliqua
898 3855 1188 3918 doctrina
1232 3875 1366 3917 non
1411 3856 1810 3932 inueniatur,
1869 3856 2052 3918 nulla
2095 3855 2229 3919 fere
2278 3860 2388 3919 est.
2482 3853 2614 3917 Cur

269 3960 439 4021 enim
484 3959 763 4028 Phocam
826 3981 1083 4024 omnem
1142 3961 1528 4043 doctrinam,
1595 3982 1787 4044 quam
1831 3960 2180 4025 Palaemon
2226 3961 2611 4044 praebuerit,

268 4065 571 4147 recepisse
618 4067 1034 4134 censeamus?
1127 4066 1454 4150 Ceterum,
1503 4068 1675 4151 quod
1721 4069 1852 4131 iam
1897 4088 2091 4152 supra
2133 4088 2190 4151 p.
2239 4070 2324 4130 27
2374 4067 2610 4148 addidi,

270 4172 606 4237 Palaemon
651 4196 708 4258 p.
762 4177 967 4252 189,6
1015 4175 1136 4238 hoc
1183 4180 1373 4258 caput
1420 4180 1491 4238 ut
1537 4194 1732 4238 suum
1781 4175 2056 4239 denotat.

449 4276 645 4363 Caput
709 4280 904 4362 XIII,
971 4281 1142 4364 quod
1210 4302 1269 4364 p.
1329 4283 1708 4363 37,8—-18
1774 4274 1903 4344 ‘De
1970 4279 2371 4361 nominibus,
2444 4298 2609 4362 quae

270 4386 769 4469 hypocorismata
814 4407 944 4450 non
999 4383 1349 4470 recipiunt'
1413 4388 1631 4468 refert,
1695 4405 1843 4449 cum
1897 4385 2336 4470 praecedentis
2384 4387 2608 4469 capitis
