3197 4992
1527 314 1966 376 —30—

566 490 621 553 si
669 489 958 554 diuersos
1020 489 1227 553 fontes
1292 489 1628 571 adiissent,
1685 491 1910 553 eodem
1967 489 2190 554 ordine
2243 509 2347 554 res
2391 492 2697 574 posuisse.
2790 491 2938 556 Sed

564 596 876 660 accedunt
923 596 1060 658 alia.
1140 596 1360 660 Altera
1405 597 1595 677 enim,
1637 616 1828 679 quam
1879 598 2017 659 dixi
2060 616 2206 679 pars
2253 616 2337 660 ex
2383 597 2607 661 eodem
2651 598 2843 679 libro,
2897 619 2939 664 e

566 722 696 786 quo
742 704 915 786 prior
958 703 1180 766 hausta
1227 710 1338 767 est.
1432 702 1618 779 Quod
1662 703 1815 767 inde
1850 703 2178 786 probatur:
2228 704 2505 786 primum
2543 706 2714 767 enim
2759 705 2936 768 alio-

562 831 707 875 rum
766 813 1081 875 sententia
1124 816 1290 874 tacta
1347 812 1802 894 grammaticus
1863 831 1921 893 p.
1975 813 2075 892 12,
2099 815 2135 873 7
2185 810 2264 872 ad
2328 829 2508 874 suam
2553 812 2756 895 ipsius
2808 813 2935 875 do-

563 919 834 982 ctrinam
894 936 1193 980 reuersus
1257 916 1564 999 quasdam
1626 917 1877 1000 regulas
1940 915 2182 980 eisdem
2242 917 2485 997 uerbiS,
2549 916 2786 999 quibus
2855 919 2930 980 in

560 1026 772 1108 priore
831 1023 1140 1107 particula
1197 1024 1453 1106 repetit3
1518 1023 1750 1088 deinde
1812 1043 1847 1088 e
1909 1023 2183 1107 Vergilii
2242 1023 2459 1087 uerbis
2517 1015 2687 1087 ‘nox
2748 1017 2934 1088 erat'

560 1151 617 1214 p.
672 1134 772 1211 12,
794 1131 879 1194 20
927 1136 989 1192 et
1030 1123 1188 1193 ‘axe
1235 1129 1353 1193 sub
1401 1124 1710 1194 aetherio’
1755 1151 1813 1214 p.
1858 1132 2061 1212 12,21
2113 1130 2406 1213 exempla
2442 1131 2718 1194 excitata
2764 1138 2935 1194 sunt

557 1229 759 1300 ‘nox’
797 1242 860 1300 et
897 1229 1103 1299 ‘axis’
1148 1257 1205 1319 p.
1251 1239 1486 1318 11,22;
1536 1239 1793 1301 tertium
1833 1238 2008 1322 quod
2042 1239 2498 1321 grauissimum
2533 1243 2645 1318 est,
2691 1243 2933 1300 auctor

560 1344 751 1407 huius
796 1343 1143 1426 particulae
1186 1363 1243 1426 p.
1296 1346 1398 1425 12,
1418 1346 1504 1406 22
1552 1345 1633 1407 ad
1671 1351 1859 1428 caput
1901 1344 2001 1407 III
2046 1365 2103 1427 p.
2149 1346 2248 1425 11,
2271 1346 2309 1407 6
2359 1344 2581 1406 eodem
2620 1345 2928 1427 exemplo

562 1470 597 1514 e
645 1450 931 1533 Vergilio
980 1450 1267 1514 exhibito
1325 1451 1579 1533 respicit
1636 1451 1879 1515 dicens:
1935 1443 1955 1466 ‘
1971 1456 2044 1513 ut
2099 1470 2289 1533 supra-
2344 1469 2492 1512 cum
2550 1450 2629 1513 de
2684 1450 2930 1514 litteris

560 1557 969 1640 loqueremur
1014 1557 1413 1621 ostendimus
1426 1551 1461 1617 ².
1556 1556 1733 1633 Quae
1777 1578 1925 1622 cum
1969 1558 2060 1620 ita
2103 1559 2252 1638 sint,
2296 1562 2371 1620 ut
2408 1563 2472 1620 et
2513 1558 2687 1640 prior
2721 1557 2928 1620 huius

563 1665 786 1747 capitis
843 1664 1178 1747 particula,
1242 1683 1436 1747 quam
1483 1661 1829 1727 Dositheus
1883 1663 2101 1728 eodem
2160 1664 2386 1728 ordine
2442 1662 2796 1745 admiserit,
2861 1670 2929 1727 et

560 1772 889 1854 posterior,
933 1772 1004 1833 in
1043 1791 1172 1854 qua
1215 1771 1666 1854 grammaticus
1714 1771 1792 1833 ad
1839 1776 2025 1854 caput
2061 1770 2159 1834 III
2196 1778 2269 1835 ut
2315 1790 2508 1835 suum
2542 1770 2927 1852 respexerit,

562 1895 646 1939 ex
692 1877 912 1941 eadem
952 1879 1216 1961 origine,
1265 1897 1300 1942 e
1340 1898 1469 1961 qua
1506 1884 1694 1961 caput
1730 1877 1847 1958 III,
1896 1878 2085 1942 ducta
2122 1879 2268 1957 sint,
2316 1878 2612 1960 sequitur
2648 1880 2710 1938 et
2743 1877 2928 1958 prio-

559 2002 695 2047 rem
744 1986 968 2068 capitis
1013 1986 1219 2048 nostri
1262 1985 1639 2068 particulam
1699 1991 1762 2047 et
1804 1986 2217 2068 posteriorem
2263 1986 2457 2048 unius
2497 1982 2926 2065 eiusdemque

561 2092 840 2155 auctoris
902 2111 1042 2156 esse
1089 2093 1228 2157 eius
1273 2093 1613 2172 nimirum,
1676 2092 1791 2174 qui
1838 2110 1906 2154 se
1968 2110 2161 2173 supra
2207 2090 2287 2154 de
2348 2091 2579 2154 litteris
2625 2089 2924 2152 locutum

559 2214 696 2260 esse
744 2198 1090 2262 contendit.

739 2302 944 2387 Caput
991 2304 1069 2387 V,
1137 2307 1308 2390 quod
1373 2312 1468 2370 est
1529 2298 1638 2370 ‘de
1693 2304 1955 2386 syllabis
1968 2297 2005 2385 ³,
2067 2306 2304 2386 pariter
2360 2306 2429 2366 in
2485 2303 2645 2366 duas
2699 2309 2923 2386 partes

556 2431 614 2494 p.
668 2413 766 2493 13,
806 2414 1097 2495 16—-14,
1130 2415 1168 2476 9
1227 2418 1290 2476 et
1338 2433 1395 2496 p.
1441 2413 1879 2494 14,10-16,
1909 2413 1995 2474 27
2036 2411 2320 2474 diuisum
2366 2415 2475 2473 est.
2567 2408 2925 2474 Dositheus

555 2538 778 2582 rursus
825 2520 1026 2583 solam
1070 2521 1346 2604 priorem
1393 2521 1741 2604 descripsit.
1820 2518 1900 2581 In
1938 2538 2067 2601 qua
2110 2518 2564 2601 grammaticus
2609 2539 2666 2601 p.
2705 2520 2807 2599 13,
2830 2519 2920 2579 24

555 2626 637 2689 ad
676 2628 898 2710 capitis
936 2626 1034 2689 IV
1070 2629 1484 2709 posteriorem
1530 2626 1909 2710 particulam
1953 2626 2257 2689 recurrit:
2308 2617 2427 2688 ‘At
2463 2627 2518 2688 si
2565 2611 2922 2688 duae‘con-

555 2739 850 2797 sonantes
913 2735 985 2797 in
1041 2734 1198 2797 duas
1259 2734 1538 2816 syllabas
1601 2733 1841 2796 fuerint
1903 2732 2166 2814 diuisae,
2221 2752 2350 2795 non
2401 2731 2476 2795 fit
2539 2731 2920 2809 communiS,

556 2839 668 2903 sed
714 2840 905 2923 longa
948 2846 1025 2904 ut
1069 2860 1262 2924 supra
1307 2834 1688 2921 retulimuS,'
1743 2839 1989 2903 scilicet
2031 2859 2087 2922 p.
2142 2842 2242 2920 12,
2277 2842 2389 2918 12;
2449 2838 2643 2902 simul
2690 2837 2916 2900 eadem

554 2946 844 3029 exempla
907 2949 1136 3031 repetit
1191 2948 1263 3010 cf.
1320 2969 1377 3032 p.
1432 2950 1532 3029 13,
1567 2949 1653 3010 25
1688 2971 1702 3010 ε
1740 2948 1839 3027 12,
1869 2948 1943 3023 2;
1999 2948 2098 3026 13,
2135 2947 2218 3009 27
2253 2967 2266 3008 :
2310 2948 2409 3027 12,
2442 2949 2540 3008 15.
2631 2944 2803 3027 Ergo
2854 2947 2919 3006 et

552 3052 707 3115 haec
769 3054 1079 3136 particula
1142 3073 1225 3118 ex
1290 3055 1513 3119 eodem
1577 3054 1749 3117 fonte
1804 3053 2028 3115 hausta
2091 3057 2213 3134 est,
2280 3071 2315 3116 e
2381 3072 2507 3135 quo
2563 3058 2751 3136 caput
2795 3049 2916 3128 IV,

552 3158 739 3223 Adde
800 3161 970 3242 quod
1023 3160 1367 3226 Dositheus
1423 3162 1647 3225 eodem
1713 3166 1927 3222 tenore
1989 3166 2319 3243 praecepta
2379 3160 2762 3243 compilauit.
2823 3194 2909 3204 —-

553 3264 631 3328 In
695 3267 892 3331 altera
953 3269 1263 3352 particula
1324 3268 1776 3352 grammaticus
1838 3267 2119 3348 primum
2194 3268 2467 3330 aliorum
2529 3267 2910 3330 sententiam

552 3373 781 3437 leuiter
826 3376 1111 3458 stringit,
1162 3375 1391 3438 deinde
1436 3376 1507 3436 in
1555 3371 1970 3455 sequentibus
2017 3375 2265 3456 paginis
2311 3373 2662 3456 pleniorem
2699 3374 2906 3455 ipsius

555 3481 633 3544 de
689 3481 1136 3544 communibus
1202 3479 1466 3561 syllabis
1524 3479 1876 3542 doctrinam
1930 3479 2181 3560 profert.
2276 3479 2477 3556 Quam
2535 3479 2908 3563 particulam

553 3606 639 3650 ex
694 3588 946 3669 eodem,
1013 3606 1048 3650 e
1109 3605 1234 3670 quo
1291 3591 1355 3650 et
1407 3587 1620 3669 priora
1676 3588 1906 3669 capita,
1970 3587 2134 3650 libro
2193 3592 2512 3670 receptam
2568 3605 2704 3651 esse
2756 3584 2910 3647 inde

552 3695 893 3775 noscimus,
956 3694 1127 3776 quod
1185 3712 1301 3757 sex
1359 3694 1590 3777 prioris
1652 3694 1974 3757 doctrinae
2021 3694 2309 3777 exempla
2365 3694 2903 3776 redintegrantur3

554 3801 628 3862 cf.
663 3822 722 3884 p.
758 3804 858 3882 14,
879 3803 962 3865 23
988 3821 1001 3863 ε
1031 3802 1130 3882 13,
1152 3802 1265 3880 333
1312 3803 1411 3882 14,
1437 3802 1560 3862 25:
1591 3802 1690 3881 13,
1716 3802 1835 3879 313
1881 3803 2343 3883 15,13:14,4;
2389 3803 2490 3882 15,
2517 3802 2632 3863 19:
2662 3802 2758 3879 13,
2779 3800 2900 3861 25:

560 3909 754 3990 12,2;
800 3909 899 3989 15,
921 3909 1044 3971 20:
1072 3910 1310 3989 13,36;
1357 3909 1803 3988 15,31:13,5.
1878 3906 2069 3970 Nunc
2114 3927 2428 3970 summam
2475 3906 2904 3969 subducemus

556 4034 804 4096 eorum,
869 4034 1031 4096 quae
1095 4017 1540 4099 exposuimus:
1608 4020 1796 4097 caput
1843 4014 1905 4076 V
1956 4016 2154 4097 igitur
2214 4033 2361 4076 cum
2415 4014 2494 4075 ad
2551 4017 2737 4096 caput
2790 4008 2903 4089 IV,

556 4126 742 4205 caput
795 4120 892 4183 IV
936 4123 1217 4186 inuicem
1272 4122 1351 4184 ad
1408 4127 1594 4205 caput
1647 4120 1751 4183 III
1807 4126 2062 4204 spectet,
2122 4122 2441 4203 sequitur:
2505 4120 2625 4202 111,
2679 4118 2793 4200 IV,
2837 4114 2900 4177 V

555 4230 760 4312 capita
814 4247 897 4292 ex
952 4248 1081 4291 uno
1142 4229 1491 4311 eodemque
1545 4229 1720 4292 fonte
1774 4227 2054 4291 fluxisse.
2115 4226 2391 4303 (Quodsi
2454 4232 2625 4290 recte
2690 4226 2899 4307 dispu-

554 4336 830 4399 tauimus
884 4338 1007 4399 tria
1058 4337 1214 4400 haec
1270 4336 1475 4419 capita
1527 4354 1658 4398 uno
1716 4339 1931 4397 tenore
1987 4352 2071 4398 ex
2127 4334 2350 4398 eodem
2393 4332 2558 4397 libro
2604 4332 2900 4397 translata
