3197 4992
1270 332 1713 393 -85-

312 512 537 574 ciderit
572 529 937 594 paucosque
973 509 1245 573 Romani
1292 513 1354 572 et
1394 507 1746 572 Geminiani
1797 509 2282 572 commentarios
2329 507 2658 589 suffecerit,

310 620 447 702 ipse
474 618 605 681 sere
634 619 698 679 in
731 617 1118 700 praefatione
1146 639 1204 701 p.
1233 619 1265 679 1
1300 616 1461 679 illud
1490 616 1734 679 indicat
1763 615 2010 679 dicens:
2058 607 2318 680 ‘Artem
2344 636 2659 699 gramma-

314 727 504 788 ticam
541 724 822 789 sollertia
859 724 1374 788 doctissimorum
1414 724 1704 786 uirorum
1742 723 2004 806 politam
2042 728 2105 787 et
2142 743 2180 785 a
2216 742 2318 787 me
2349 723 2656 807 digestam

311 835 378 896 in
408 832 592 896 libris
623 833 912 915 quinque
949 831 1114 894 dono
1144 832 1263 895 tibi
1291 832 1436 895 misi
1450 826 1485 894 ³.
1552 829 1848 913 Namque
1876 834 2072 894 artem
2103 829 2541 894 Remmianam
2579 830 2657 893 ab

314 958 387 1003 eo
420 958 549 1003 non
579 943 831 1002 auctam
867 956 1021 1020 esse,
1060 957 1207 1002 cum
1239 957 1321 1002 ex
1360 958 1433 1003 eo
1472 939 1814 1020 noscimuS,
1854 938 2025 1021 quod
2066 938 2406 1002 nonnullos
2438 935 2658 1000 Palae-

311 1049 517 1111 monis
555 1047 1060 1129 commentariOS,
1106 1050 1180 1110 ut
1223 1066 1412 1130 supra
1447 1046 1751 1128 uidimus,
1797 1046 1985 1128 plane
2032 1046 2261 1126 omisit,
2309 1050 2444 1108 tum
2488 1044 2657 1120 inde,

315 1155 486 1238 quod
504 1174 955 1237 nonnusquam
977 1173 1087 1237 pro
1107 1153 1381 1218 Remmii
1403 1140 1695 1217 uberiore
1717 1154 2004 1216 doctrina
2033 1152 2517 1216 commentarios
2536 1150 2658 1214 Ro-

314 1263 486 1325 mani
513 1262 837 1326 breuiores
865 1263 1096 1346 posuit.
1169 1260 1263 1325 Re
1288 1280 1443 1325 uera
1471 1261 1715 1325 nullam
1742 1262 2037 1324 inuenies
2067 1259 2370 1323 orationis
2398 1263 2658 1343 partem,

314 1370 495 1433 cuius
554 1369 843 1433 doctrina
896 1370 1084 1453 plena
1128 1373 1383 1453 recepta
1429 1369 1512 1432 sit
1557 1388 1593 1430 a
1641 1367 1939 1431 Charisio.
2047 1365 2341 1433 Ceterum
2390 1372 2658 1450 quanto-

310 1495 462 1559 pere
497 1474 899 1541 Palaemonis
939 1476 1228 1540 doctrina
1266 1475 1344 1540 ab
1387 1475 1499 1538 illo
1539 1476 1834 1551 mutilata
1873 1480 2038 1538 esset
2073 1494 2265 1558 supra
2305 1473 2655 1538 docuimus.

313 1582 447 1647 Nec
494 1587 724 1666 tamen,
773 1585 893 1647 etsi
938 1602 1068 1647 non
1113 1583 1276 1646 nihil
1325 1584 1401 1646 de
1448 1582 1724 1646 Remmii
1782 1582 2119 1671 diuisionis
2179 1602 2251 1645 ac
2301 1582 2657 1666 dispositio-

311 1691 413 1753 nis
459 1688 594 1754 arte
639 1693 840 1775 repeti
883 1696 1104 1775 potest,
1150 1693 1327 1775 prius
1376 1711 1568 1774 quam
1618 1691 1830 1753 omnia
1875 1688 2280 1755 Palaemonis
2324 1695 2660 1774 praecepta

315 1816 350 1860 e
395 1798 662 1881 reliquis
707 1799 1141 1882 grammaticis
1188 1803 1369 1862 eruta
1418 1799 1565 1878 sint,
1615 1798 1772 1861 certi
1821 1799 2169 1882 quicquam
2226 1797 2304 1860 de
2350 1796 2658 1859 librorum

315 1924 581 1969 numero
629 1907 976 1971 statuerim.
1500 1980 1503 1981 ⁷

350 2088 368 2093 „
490 2011 626 2075 Iam
685 2012 880 2076 finem
947 2013 1249 2077 faciamus
1319 2012 1699 2096 disputandi.
1825 2010 2016 2075 Nunc
2082 2012 2337 2095 quidem
2405 2016 2659 2094 tempus

315 2125 474 2201 erat,
549 2125 621 2183 ut
691 2121 1083 2203 reliquorum
1158 2121 1721 2202 grammaticorum
1796 2119 2033 2202 copias,
2106 2116 2434 2182 Diomedis
2507 2137 2657 2201 prae

315 2228 572 2308 ceteriS,
662 2228 774 2311 qui
845 2245 990 2289 cum
1066 2227 1267 2289 multa
1339 2224 1416 2288 de
1480 2225 1882 2288 Palaemonis
1958 2225 2245 2289 doctrina
2309 2226 2661 2289 seruauerit

315 2339 522 2398 tamen
594 2353 664 2397 ea
735 2334 1007 2398 aliorum
1072 2329 1624 2397 obseruationibus
1686 2332 2138 2415 intermiscuit,
2211 2333 2656 2417 perlustrarem

315 2436 513 2526 atque'
550 2442 992 2506 discernerem.
1088 2439 1212 2506 Sed
1259 2438 1740 2506 subsistendum
1787 2444 1883 2504 est
1928 2440 2178 2525 aliquan
2189 2441 2287 2524 do,
2348 2447 2417 2505 ut
2461 2442 2659 2526 respi-

314 2551 461 2632 cias,
511 2550 666 2633 quid
713 2548 1010 2630 effeceris,
1067 2549 1638 2634 reputandumque,
1695 2568 1999 2614 ueramne
2047 2568 2236 2632 quam
2283 2554 2660 2614 consecutus

315 2675 382 2720 es
418 2676 634 2720 rerum
670 2676 929 2720 causam
966 2676 1121 2722 uere
1158 2660 1245 2722 sis
1292 2657 1536 2740 ubique
1574 2657 1916 2721 adsecutus
1953 2675 2170 2721 necue.
2257 2655 2466 2731 Quare
2514 2676 2659 2720 cum

311 2764 585 2848 primum
641 2769 932 2849 potuer0,
998 2764 1052 2827 si
1109 2763 1436 2829 Mineruae
1492 2764 1792 2848 placebit,
1856 2784 2017 2848 quae
2070 2764 2398 2840 inchoaui‚
2461 2764 2659 2827 conti-

313 2871 556 2954 nuab0,
628 2876 727 2953 ut,
803 2875 1116 2955 quantum
1184 2871 1324 2935 fieri
1394 2872 1571 2955 licet,
1636 2870 2039 2936 Palaemonis
2104 2891 2205 2936 ars
2273 2871 2656 2940 restituatur.

317 2975 482 3058 Quid
532 2980 705 3042 enim
749 2980 1196 3062 grammaticos
1240 2977 1498 3042 Latinos
1545 2978 1938 3050 Remmianjs
1995 2978 2279 3043 uestibus
2324 2977 2658 3041 uideamus

315 3085 606 3150 indutos!
