3197 4992
1483 360 1923 420 —52-

524 554 688 618 quae
735 535 1131 618 insequentis
1185 536 1488 617 temporis
1542 535 1973 618 grammaticis
2027 553 2286 618 prorsus
2330 534 2883 617 improbabantur.

523 640 662 716 Quo
708 644 778 704 in
823 661 1057 725 genere
1101 643 1366 705 minime
1413 641 1534 703 hoc
1579 641 1846 724 placuit,
1903 642 2075 723 quod
2123 661 2270 705 cum
2328 641 2724 724 antiquitatis
2772 642 2883 703 ni-

522 749 689 811 mius
734 754 902 812 esset
949 755 1208 830 amator,
1256 748 1570 811 obsoletas
1618 753 1815 831 atque
1858 749 2197 812 inusitatas
2242 747 2586 811 uerborum
2630 748 2886 812 formas

523 855 821 933 obtinuit3
882 856 1052 937 quod
1100 862 1174 919 ut
1219 860 1416 919 artem
1470 857 1951 938 grammaticam
1995 856 2276 936 fulciret,
2330 874 2463 917 non
2519 857 2646 919 nisi
2705 857 2886 918 anti-

524 963 784 1044 quitatis
832 965 1213 1046 scriptorum
1261 963 1703 1025 auctoritatem
1741 961 2099 1027 aduocauit.
2181 962 2468 1042 Accedit,
2516 961 2689 1043 quod
2737 967 2885 1025 stu-

521 1069 625 1131 dio
693 1069 970 1151 quodam
1042 1069 1286 1132 Graeca
1349 1070 1640 1153 analogia
1701 1070 2012 1132 rationem
2078 1069 2462 1132 sustentauit
2522 1068 2887 1132 uerborum

516 1175 897 1239 Latinorum
935 1181 1000 1239 et
1036 1176 1207 1258 quod
1244 1175 1502 1249 horrida
1543 1175 1817 1258 quadam
1855 1176 2242 1258 etymologia
2286 1176 2630 1238 uerborum
2677 1176 2893 1259 origi-

518 1302 634 1346 nes
682 1283 1017 1346 enucleare
1065 1287 1329 1345 conatus
1376 1288 1486 1345 est.
1572 1282 1789 1365 Atque
1823 1283 1980 1345 haec
2028 1281 2160 1345 fere
2194 1282 2473 1363 fuerunt,
2521 1299 2686 1363 quae
2723 1301 2892 1355 cum

516 1390 750 1472 reliqui
778 1390 968 1473 primi
994 1410 1053 1472 p.
1076 1388 1217 1451 Chr.
1249 1389 1487 1451 saeculi
1515 1389 1917 1471 grammatici
1946 1394 2080 1451 tum
2110 1388 2451 1453 Palaemon
2472 1394 2889 1471 respuerunt.

520 1494 657 1570 Quo
721 1495 858 1558 fieri
921 1496 1153 1579 potuit,
1217 1501 1289 1558 ut
1335 1495 1681 1559 Palaemon
1730 1495 2081 1558 Varronem
2143 1497 2430 1579 grauiter
2490 1497 2892 1578 increparet.

514 1602 742 1686 Neque
794 1621 950 1665 uero
1009 1602 1158 1665 inde
1213 1604 1430 1665 statim
1487 1604 1779 1665 conicere
1834 1604 1986 1666 licet
2042 1601 2451 1666 Palaemonis
2509 1602 2895 1669 doctrinam

516 1729 775 1793 prorsus
835 1708 1239 1772 abhorruisse
1297 1730 1334 1771 a
1381 1709 1816 1790 Varroniana,
1874 1708 1943 1771 id
1990 1709 2163 1791 quod
2209 1708 2695 1772 Schottmueller
2740 1710 2790 1773 1.
2847 1711 2892 1779 l.

515 1838 572 1900 p.
625 1819 707 1879 12
754 1817 975 1880 uoluit.
1068 1815 1207 1878 Iam
1270 1817 1339 1878 in
1385 1816 1508 1879 hoc
1564 1817 1768 1898 capite
1814 1815 2158 1878 Palaemon
2214 1820 2277 1877 et
2320 1814 2598 1877 Varroni
2654 1820 2721 1881 et
2777 1835 2896 1880 ce-

516 1925 669 1987 teris
713 1923 1174 2006 grammaticiS,
1220 1928 1295 1985 ut
1339 1941 1619 2005 aequum
1665 1928 1786 2004 661,
1841 1922 2031 1985 modo
2078 1922 2436 1985 adsentitur
2479 1921 2668 1983 modo
2715 1941 2895 1988 non.

516 2029 688 2093 Caue
753 2031 923 2093 enim
967 2034 1153 2113 putes
1217 2029 1490 2093 frustula
1552 2029 1668 2091 illa
1712 2028 2149 2092 Varronianae
2216 2029 2541 2091 doctrinae
2605 2028 2895 2095 aliunde

513 2136 850 2219 adsumpta
905 2154 1040 2199 esse
1087 2157 1125 2199 a
1172 2135 1485 2216 Charisi03
1547 2136 1719 2220 quod
1775 2155 1859 2199 ne
1915 2135 2246 2198 credamus
2301 2133 2713 2217 prohibemur
2786 2156 2897 2220 60,

515 2243 686 2326 quod
742 2244 1057 2306 artissime
1101 2243 1500 2307 Remmianis
1554 2243 1798 2327 regulis
1842 2244 2091 2305 intexta
2145 2247 2314 2305 sunt.
2409 2240 2536 2304 Sed
2579 2250 2896 2307 reuerta-

512 2371 660 2413 mur
705 2350 786 2412 ad
833 2369 932 2433 ea,
983 2371 1146 2434 quae
1190 2352 1605 2417 instituimus,
1696 2349 1916 2413 Restat
1961 2349 2159 2424 enim,
2208 2354 2281 2411 ut
2323 2349 2546 2431 paucis
2590 2348 2897 2415 referam

514 2457 591 2520 de
637 2458 756 2538 eis,
813 2475 977 2540 quae
1024 2457 1221 2522 dubia
1265 2459 1474 2522 uideri
1520 2459 1782 2542 possint.
1876 2457 2093 2539 Atque
2146 2476 2204 2538 p.
2255 2457 2358 2536 25,
2380 2457 2466 2519 20
2514 2454 2894 2523 Palaemon

513 2568 898 2647 exposuerat
952 2566 1205 2628 nullum
1250 2565 1552 2628 Latinum
1609 2584 1847 2627 nomen
1892 2563 2324 2626 masculinum
2368 2563 2435 2623 in
2479 2554 2602 2625 ‘al'
2650 2571 2894 2630 extre-

511 2672 799 2733 mitatem
846 2672 1072 2735 uenire
1136 2691 1350 2755 posse;
1416 2674 1638 2754 itaque
1693 2671 2069 2735 neutraliter
2117 2662 2316 2732 ‘sale'
2369 2674 2445 2732 ut
2494 2662 2740 2732 ‘mare'
2819 2680 2896 2737 et

511 2770 735 2840 ‘lacte'
788 2777 1057 2861 proferri
1112 2776 1373 2858 debere3
1432 2799 1491 2861 p.
1552 2780 1697 2860 106,
1736 2782 1814 2841 12
1873 2783 2087 2841 61116111
2147 2776 2332 2838 docet
2375 2778 2887 2859 grammaticus:

508 2875 640 2947 ‘sal
697 2885 1037 2947 masculini
1097 2886 1350 2967 generis
1398 2890 1494 2948 661
1551 2904 1672 2948 1166
1730 2884 1923 2948 habet
1981 2883 2296 2967 pluralem
2309 2876 2344 2947 ³.
2440 2880 2637 2964 Quid,
2701 2884 2893 2951 haec

510 2990 712 3054 uerba
756 3010 971 3053 nonne
1015 2992 1156 3054 istis
1202 2992 1393 3074 plane
1440 2993 1836 3075 repugnant?
1886 2990 2081 3068 Sane3
2132 2989 2243 3053 sed
2290 3010 2349 3073 p.
2389 2992 2474 3052 25
2513 2988 2892 3058 Palaemon

508 3099 824 3161 rationem
860 3100 1195 3161 nominum
1234 3105 1575 3163 exsecutus
1616 3104 1740 3178 est3
1789 3120 1845 3182 p.
1883 3101 2007 3162 106
2048 3104 2261 3161 61116111
2297 3095 2889 3179 001161161ηά1116111;

508 3223 579 3267 re
624 3190 781 3267 uera
826 3207 1071 3270 ratione
1118 3211 1471 3269 sustentata
1515 3207 1763 3269 nullum
1811 3204 2109 3268 Latinimi
2155 3223 2385 3267 nomen
2430 3203 2891 3273 masculinum

506 3314 577 3374 in
620 3303 747 3375 ‘al'
802 3314 1133 3376 terminari
1194 3318 1418 3396 potest.
1530 3311 1696 3375 Item
1759 3333 1819 3396 p.
1869 3314 2039 3393 35,1
2108 3311 2454 3374 Palaemon
2522 3310 2886 3379 disseruit:

506 3421 735 3482 uinum
781 3419 994 3482 oleum
1039 3421 1165 3482 alia
1210 3425 1348 3482 tum
1398 3420 1658 3482 demum
1704 3419 2032 3502 pluraliter
2082 3420 2404 3481 enuntiari
2446 3436 2659 3501 posse,
2709 3438 2887 3487 cum

492 3527 587 3608 ,ad
636 3545 842 3609 genus
887 3545 1017 3587 non
1065 3525 1142 3587 ad
1195 3528 1620 3609 quantitatem
1673 3526 2082 3603 referrentur3
2130 3546 2187 3607 p.
2236 3527 2340 3606 93,
2371 3528 2410 3587 5
2462 3523 2696 3609 deinde
2745 3545 2889 3591 ex-

507 3633 685 3695 hibet
727 3633 1209 3715 grammaticus:
1259 3625 1440 3694 ‘nam
1481 3632 1655 3714 quod
1702 3637 1991 3695 auctores
2031 3633 2314 3695 dixerint
2346 3631 2666 3694 frumenta
2710 3632 2885 3697 hor-

509 3738 628 3801 dea
672 3738 878 3819 mella,
924 3758 1056 3800 non
1101 3757 1220 3801 nos
1265 3732 1568 3801 moueat'.
1666 3737 1794 3801 Cur
1838 3758 1969 3802 non
2014 3744 2304 3802 moueat?
2377 3737 2473 3800 Ea
2521 3738 2599 3800 de
2645 3756 2883 3824 causa,

508 3844 680 3926 quod
727 3849 1017 3907 auctores
1062 3845 1256 3908 mella
1302 3846 1558 3927 aliaque
1606 3845 1685 3907 ad
1726 3848 2147 3928 quantitatem
2191 3844 2589 3909 rettulerunt.
2676 3842 2885 3919 Quae

505 3970 637 4013 non
703 3950 1047 4015 offendunt.
1158 3951 1358 4014 Porro
1423 3971 1480 4034 p.
1541 3953 1762 4034 60,11
1831 3972 2033 4035 pauca
2094 3952 2295 4016 uerba
2355 3951 2514 4014 falso
2578 3950 2881 4019 Terentii

500 4050 868 4140 ‘Adelphis’
914 4057 1391 4141 adiudicantur,
1456 4079 1621 4141 quae
1665 4082 1723 4144 p.
1775 4062 1876 4140 73,
1911 4061 1991 4122 15
2049 4065 2218 4122 16016
2262 4050 2698 4120 ‘Phormioni'
2746 4062 2881 4124 ad-

505 4165 741 4247 scripta
796 4169 963 4230 sunt.
1061 4164 1251 4228 Unde
1296 4164 1719 4229 Morawskius
1773 4166 1812 4227 l.
1861 4166 1899 4227 l.
1959 4166 2245 4229 diuersos
2305 4165 2658 4248 exscriptos
2715 4183 2879 4233 esse

501 4271 707 4335 fontes
763 4292 801 4334 a
846 4269 1133 4336 Charisio
1191 4274 1491 4352 coniecit;
1559 4273 1670 4335 sed
1723 4293 1952 4356 parum
2012 4273 2169 4335 mihi
2231 4272 2559 4356 persuasit.
2666 4269 2876 4357 Quid,

496 4367 701 4441 'uerba
758 4378 1040 4442 Terentii
1101 4369 1228 4442 ista
1294 4397 1508 4442 nonne
1574 4380 1653 4443 ab
1721 4381 1845 4443 alio
1914 4399 2040 4462 quo
2073 4455 2079 4458 ,
2107 4380 2341 4443 diserte
2402 4380 2474 4441 in
2528 4378 2876 4461 Adelphos
