3197 4992
1418 371 1511 387 ,-—
1609 336 1873 397 61.-

428 490 797 574 Offffilderit
855 513 927 574 in
990 509 1091 593 eo,
1169 512 1340 595 quod
1405 512 1486 574 ad
1549 510 1941 574 firmandum
2007 510 2262 573 dicendi
2330 531 2520 574 usum
2580 530 2819 595 paucos

440 597 841 702 plerumque
880 620 1217 702 scriptores
1264 619 1490 682 attulit.
1577 617 1777 682 Cuius
1815 619 1911 682 rei
1957 636 2203 699 causae,
2252 622 2565 700 quantum
2608 617 2817 699 uideo,

453 701 554 761 hae
618 730 821 788 sunt:
888 726 1165 809 primum
1231 727 1432 807 enim,
1498 726 1670 808 quod
1733 725 1993 788 leuioris
2057 726 2365 788 momenti
2431 743 2568 788 esse
2634 725 2818 806 ducO,

473 802 803 895 Charisius
838 830 1240 895 Palaemonis
1299 833 1656 896 doctrinam
1711 832 2209 914 haudquaquam
2260 831 2511 914 plenam
2565 832 2817 914 recepit.

489 905 604 982 QUO
648 931 796 1000 fieri
840 939 1075 1021 potuit,
1137 942 1205 1000 ut
1250 940 1586 1023 scriptores
1635 959 1673 1001 a
1718 937 2098 1001 Palaemone
2144 938 2385 1001 laudati
2433 938 2817 1001 exciderent.

490 1010 714 1104 Deinde
756 1045 915 1107 locis
950 1045 1110 1120 istis,
1161 1045 1332 1126 quod
1376 1047 1505 1108 iam
1550 1065 1743 1129 supra
1788 1044 1956 1125 dixi,
2002 1045 2165 1107 nihil
2209 1045 2340 1108 fere
2385 1045 2513 1106 nisi
2558 1044 2817 1126 regulae

504 1147 792 1215 generales
834 1151 904 1213 id
942 1155 1037 1214 est
1062 1152 1232 1213 ratio
1272 1153 1628 1233 nominum,
1679 1150 1913 1234 quibus
1950 1151 2340 1214 consuetudo
2380 1152 2518 1213 siue
2555 1152 2819 1233 scripto-

499 1262 621 1315 rum
662 1257 909 1321 dicendi
943 1278 1113 1321 usus.
1137 1259 1352 1321 minus
1393 1258 1792 1321 adhibendus
1829 1257 1965 1339 fuit,
2011 1263 2392 1341 pertractata
2436 1263 2603 1320 sunt.
2694 1256 2819 1319 Ra-

488 1357 706 1426 tionem
749 1384 902 1428 uero
943 1365 1199 1428 dicendi
1235 1360 1577 1428 Palaemon
1624 1363 2001 1428 adfirmante
2039 1362 2437 1439 Quintiliano
2476 1383 2560 1428 ex
2595 1366 2817 1448 paucis

488 1465 838 1555 idoneisque
885 1478 1226 1535 exsecutus
1273 1477 1369 1535 est
1415 1471 1795 1535 auctoribus
1891 1470 2133 1534 Verum
2179 1472 2353 1533 enim
2412 1491 2565 1535 uero
2612 1491 2819 1554 gram-

484 1577 768 1640 maticum
832 1580 1025 1642 etiam
1099 1580 1480 1662 scriptorum
1545 1578 1804 1641 dicendi
1877 1598 2067 1640 usum
2138 1578 2264 1641 late
2336 1582 2660 1661 patentem
2721 1596 2819 1641 re·-

482 1685 751 1764 spexisse
817 1688 900 1748 ex
965 1687 1169 1768 capite
1233 1684 1364 1747 XV
1424 1685 1537 1747 illo
1603 1686 2037 1767 cognouimus.
2140 1683 2543 1759 Quaesiuerit
2606 1689 2819 1748 autem

479 1791 813 1875 quispiam:
892 1798 956 1854 at
1019 1811 1135 1856 cur
1197 1791 1543 1855 Palaemon
1608 1793 1989 1875 scriptorum
2056 1792 2345 1874 exempla
2409 1810 2537 1854 non
2604 1795 2818 1855 statim

470 1898 700 1979 regulis
746 1898 1152 1982 generalibus
1200 1898 1492 1961 addidit?
1568 1896 1741 1973 Quid
1784 1899 1921 1961 ita?
1998 1896 2164 1973 Quia
2217 1897 2358 1961 fieri
2412 1917 2542 1960 non
2598 1899 2813 1978 licuit;

471 2009 712 2067 constat
748 2005 917 2068 enim
947 2003 1400 2068 Palaemonem
1437 2003 1658 2068 ubiuis
1696 2025 1948 2068 summa
1988 2006 2421 2088 dispositionis
2460 2010 2593 2069 arte
2625 2025 2816 2068 usum

473 2123 618 2173 esse.
723 2111 1054 2195 Exemplis
1107 2131 1293 2192 uero,
1358 2112 1415 2174 si
1469 2111 1664 2174 simul
1720 2110 2061 2174 subiuncta
2120 2111 2419 2192 fuissent,
2483 2117 2818 2195 praecepta

467 2211 650 2290 plane
697 2218 940 2302 direpta
984 2236 1059 2281 ac
1105 2219 1446 2281 dilacerata
1493 2223 1719 2281 essent.
1813 2220 2031 2301 Atque
2087 2219 2422 2280 nominum
2479 2222 2543 2282 et
2584 2217 2816 2281 uerbo-

482 2332 615 2382 rum
659 2323 961 2407 doctrina,
1010 2344 1156 2387 cum
1203 2327 1490 2387 omnium
1540 2327 1844 2388 orationis
1890 2326 2168 2409 partium
2212 2325 2318 2387 uel
2364 2343 2480 2408 per
2524 2325 2815 2408 solonge

482 2420 785 2494 uberrima
832 2451 907 2494 ac
950 2432 1324 2516 plenissima
1360 2436 1541 2514 esset,
1581 2432 1888 2517 exemplis
1928 2437 2260 2495 auctorum
2298 2433 2513 2494 statim
2552 2432 2816 2495 adiectis

480 2526 673 2608 rigida
743 2558 954 2622 neque
1026 2539 1322 2623 expedita
1393 2540 1559 2602 facta
1634 2544 1812 2603 esset.
1926 2539 2109 2615 Quod
2173 2539 2624 2603 Palaemonem
2686 2558 2817 2602 non

470 2630 699 2720 effugit,
809 2646 1039 2728 Itaque
1101 2648 1173 2708 in
1238 2647 1617 2709 uniuersum
1682 2648 1997 2730 exempla,
2075 2653 2389 2730 quatenus
2455 2667 2613 2730 opus
2675 2646 2817 2728 fuit,

447 2736 778 2816 adl'unxit
871 2750 1011 2827 Quo
1067 2753 1231 2816 facto
1289 2752 1652 2816 uberiorem
1699 2756 2250 2835 commentarium,
2309 2773 2435 2836 quo
2483 2756 2817 2816 nominum

406 2844 498 2900 ‘et
546 2860 920 2924 uerborum
964 2880 1120 2923 usus
1165 2862 1234 2922 in
1282 2862 1619 2944 scriptores
1656 2862 2072 2944 peruulgatus
2108 2865 2605 2944 percenseretur,
2644 2870 2815 2922 com-

402 2956 683 3053 IJOSUit.
782 2966 1030 3042 Quibus
1095 2967 1383 3030 subdidit
1443 2967 1838 3050 reliquarum
1906 2969 2207 3030 orationis
2269 2969 2545 3051 partium
2603 2967 2819 3029 catho-

383 3038 575 3137 ‘hcffl
662 3093 838 3158 quae
895 3074 1062 3136 dixit
1115 3094 1294 3156 uaga.
1392 3076 1504 3137 Ait
1550 3076 1721 3137 enim
1774 3075 1847 3136 in
1891 3074 2018 3137 fine
2063 3076 2372 3158 prooemii
2418 3074 2639 3157 capitis
2684 3072 2816 3139 XV

372 3158 435 3219 p·
503 3158 658 3256 51,
703 3182 816 3243 18:
881 3172 1352 3244 ‘Tractabimus
1409 3200 1556 3264 ergo
1613 3182 1893 3263 primum
1947 3183 2208 3244 nomina
2262 3179 2661 3264 polusyllaba
2704 3200 2817 3263 po-

363 3241 1057 3369 1¹²‚Syllaborumque
1106 3290 1528 3370 quaestiones,
1581 3287 1813 3351 deinde
1858 3287 2058 3351 uerba
2102 3287 2573 3370 uerborumque
2622 3306 2817 3369 quae-

361 3355 714 3477 ‘stiones’
764 3395 1113 3457 nouissime
1160 3395 1470 3457 catholica
1515 3413 1700 3477 uaga,
1750 3414 1913 3476 quae
1959 3395 2307 3457 multarum
2355 3396 2818 3458 controuersia-

355 3466 551 3615 {um
629 3506 933 3565 ueterem
982 3501 1322 3585 caliginem
1370 3494 1711 3584 dissipent'
1760 3506 1823 3564 et
1870 3504 1937 3563 in
1983 3501 2113 3565 fine
2160 3503 2580 3585 expositionis
2616 3523 2672 3585 p.
2709 3504 2817 3583 51,

350 3565 505 3721 113²
614 3596 649 3620 ζ
673 3608 1039 3689 Sequemur
1097 3626 1247 3691 ergo
1303 3609 1418 3670 has
1475 3609 1909 3671 extremitates
1966 3614 2077 3671 aut
2136 3628 2249 3692 per
2311 3609 2526 3672 omnia
2584 3626 2821 3692 genera.

349 3687 801 3821 &Ominum
867 3718 978 3776 aut
1034 3733 1148 3797 per
1203 3733 1305 3795 ea,
1374 3733 1537 3797 quae
1600 3715 1669 3776 in
1726 3715 2109 3797 quibusdam
2173 3721 2347 3798 sunt,
2414 3715 2819 3799 singulisque

345 3786 972 3930 DXtI'Qmitatibus
1039 3822 1444 3904 quaestiones
1509 3840 1659 3885 suas
1724 3826 1787 3885 et
1846 3810 2277 3885 subieciemus
2334 3827 2398 3886 et
2452 3814 2815 3887 soluemus'.

342 3985 391 4050 p
419 3902 469 3948 Θ
571 3941 746 4013 quo
810 3929 1014 4010 capite
1068 3948 1264 4010 supra
1318 3927 1555 3991 affatim
1622 3930 1905 4011 exposui.
2001 3928 2327 3992 Charisius
2374 3931 2547 3993 enim
2594 3930 2821 3992 ordine

397 4002 832 4098 Q'turbato
861 4035 1052 4117 longe
1084 4036 1415 4098 minimam
1453 4035 1645 4097 huius
1676 4035 1999 4098 doctrinae
2034 4042 2280 4118 partem
2308 4037 2565 4119 recepit.
2626 4034 2688 4098 N
2689 4055 2815 4096 am-

330 4093 517 4244 3113
628 4140 846 4206 uerba
900 4140 1377 4223 uerborumque
1434 4143 1836 4225 quaestiones
1892 4142 2081 4225 plane
2135 4142 2574 4227 praetermisit.
2665 4140 2709 4203 J
2712 4160 2817 4202 am

391 4214 799 4311 ominum
862 4247 1185 4311 doctrinae
1234 4248 1441 4331 qualis
1487 4250 1855 4312 constitutio
1910 4249 2127 4326 fuerit,
2185 4268 2266 4311 ex
2312 4250 2423 4330 eis,
2472 4267 2636 4332 quae
2683 4267 2818 4311 ser-

327 4294 570 4400 nat&
661 4359 841 4437 sunt,
888 4354 1099 4418 adhuc
1143 4356 1296 4418 satis
1335 4353 1699 4439 perspicere
1743 4356 1908 4420 licet.
2001 4354 2292 4420 Fuerunt
2333 4357 2501 4419 enim
2552 4355 2818 4418 nomina
