3197 4992
557 490 980 573 transcripsit,
1038 509 1230 572 quam
1276 496 1640 573 excerptor3
1699 495 1762 553 et
1806 491 2088 553 inuicem
2135 494 2468 573 excerptor
2511 491 2745 572 recepit
2789 488 2892 551 ob-

557 598 970 676 seruationeS,
1033 616 1196 679 quae
1253 595 1332 659 ab
1377 596 1488 658 illo
1545 599 1815 662 omissae
1860 603 2025 660 sunt.
2119 595 2431 660 Christius
2485 597 2523 659 1.
2571 597 2610 658 1.
2665 617 2723 679 p.
2774 598 2891 659 127

556 703 727 766 hunc
791 704 1316 766 commentarium
1382 724 1419 766 a
1481 703 1718 767 Scauro
1790 703 2140 787 profectum
2205 722 2343 766 esse
2406 706 2680 768 coniecit
2739 704 2895 784 ideo,

560 810 732 893 quod
791 808 1068 872 Scaurus
1134 810 1390 891 quidam
1450 810 1556 874 hic
1613 811 1889 894 exempli
1945 812 2150 894 gratia
2203 810 2450 873 adlatus
2506 816 2683 874 esset.
2776 809 2897 874 Sed

556 916 713 978 haec
772 916 1085 978 sententia
1140 916 1314 978 omni
1369 921 1542 981 caret
1600 916 1740 981 fide.
1835 916 2156 981 Charisius
2212 919 2384 980 enim
2430 917 2654 981 Scauri
2706 922 2898 979 artem

556 1024 630 1089 in
693 1021 992 1085 manibus
1057 1024 1316 1085 omnino
1381 1042 1512 1085 non
1574 1022 1812 1085 habuit.
1915 1023 2263 1088 Palaemon
2325 1030 2567 1104 autem,
2633 1043 2782 1086 cum
2843 1029 2901 1086 et

560 1128 859 1193 Caesares
914 1135 977 1192 et
1023 1128 1331 1192 Catilinas
1391 1135 1453 1193 et
1505 1128 1808 1194 Sisennas
1864 1135 1928 1194 et
1972 1130 2323 1214 Perpernas
2379 1136 2443 1194 et
2487 1130 2789 1193 Horatios
2844 1134 2903 1192 et

557 1235 840 1300 Lucilios
886 1241 949 1299 et
995 1233 1269 1299 Senecas
1329 1242 1392 1299 et
1435 1237 1740 1301 Thraseas
1796 1243 1859 1303 et
1913 1238 2068 1301 alios
2129 1240 2379 1322 saepius
2439 1257 2552 1321 pro
2599 1236 2903 1319 exemplis

558 1344 868 1427 posuerit,
927 1343 1081 1425 quid
1126 1342 1417 1426 impedit,
1475 1363 1558 1408 ne
1617 1345 1871 1428 quando
1928 1346 2119 1408 etiam
2165 1344 2434 1408 Scauros
2482 1343 2902 1408 excitauerit?

559 1449 788 1533 Neque
832 1455 1046 1513 tamen
1094 1469 1234 1513 eam
1272 1450 1532 1515 Christii
1579 1450 2090 1514 obseruationem
2138 1452 2271 1515 ullo
2317 1457 2500 1534 pacto
2540 1452 2907 1535 spreuerim,

562 1576 688 1640 qua
733 1558 978 1620 censuit
1022 1577 1161 1621 esse
1204 1559 1654 1641 grammaticos
1700 1577 1846 1621 eum
1895 1564 2144 1622 secutos
2190 1577 2461 1640 morem,
2508 1564 2581 1622 ut
2624 1576 2744 1621 suo
2800 1576 2910 1619 no-,

559 1664 736 1726 mine
812 1665 1101 1747 exemplo
1175 1669 1520 1727 uterentur.
1630 1663 1755 1729 Sed
1826 1667 1946 1728 hoc
2018 1665 2157 1728 loco
2223 1664 2447 1729 Scauri
2516 1663 2910 1747 grammatici

561 1788 798 1832 nomen
844 1769 1205 1833 exhibitum
1251 1790 1381 1833 non
1427 1777 1535 1834 cst.
1629 1771 1794 1834 Nam
1841 1777 2045 1835 totum
2092 1774 2612 1836 commentarium
2659 1770 2744 1832 ab
2785 1789 2910 1833 uno

560 1877 914 1959 eodemque
969 1884 1223 1941 auctore
1275 1879 1545 1960 petitum
1612 1898 1750 1943 esse
1813 1880 2259 1962 uuusquisque
2306 1897 2341 1942 e
2397 1877 2754 1941 disserendi
2810 1878 2915 1939 uia

558 1983 746 2046 facile
806 1984 1095 2067 conliget.
1191 1982 1639 2049 Palaemonem
1698 1990 1908 2049 autem
1963 1991 2288 2049 auctorem
2337 2004 2474 2049 esse
2521 1984 2913 2067 argumentis

562 2110 753 2173 supra
795 2092 1055 2174 prolatis
1094 2092 1245 2154 satis
1291 2090 1594 2154 firmatur.
1637 2130 1718 2137 —
1770 2091 1957 2155 Prior
2000 2093 2194 2155 huius
2242 2093 2463 2175 capitis
2507 2091 2824 2174 particula
2856 2109 2910 2171 p.

567 2199 1097 2278 147,17-148,
1142 2199 1220 2260 13
1289 2195 1663 2261 Cominiano
1728 2199 1806 2261 ab
1870 2201 2009 2282 ipso
2075 2198 2358 2263 Charisio
2422 2198 2741 2280 adscripta
2806 2200 2915 2277 est.

561 2303 985 2375 Cominianus
1032 2324 1186 2368 uero
1236 2305 1588 2369 doctrinam
1649 2326 1832 2369 suam
1889 2327 1923 2368 a
1981 2306 2362 2370 Palaemone
2415 2310 2746 2368 mutuatus
2807 2308 2914 2366 est.

557 2411 854 2474 Primum
900 2412 1072 2475 enim
1128 2413 1351 2475 eadem
1415 2414 1730 2496 exempla,
1793 2434 1953 2495 quae
2002 2420 2065 2476 et
2109 2413 2454 2477 Palaemon
2499 2414 2571 2474 in
2615 2411 2917 2493 sequenti

559 2520 1010 2582 commentario
1076 2524 1140 2583 et
1204 2520 1374 2603 apud
1439 2526 1906 2604 excerptorem:
1979 2514 2320 2604 ‘nequam,
2392 2539 2620 2603 nugas,
2691 2520 2915 2582 doctus

556 2627 778 2709 parieS,
844 2627 1047 2708 agiIiS,
1112 2621 1370 2690 uersus²
1435 2629 1721 2706 exhibet,
1791 2627 1966 2711 quod
2027 2647 2176 2691 casu
2235 2628 2474 2690 factum
2530 2645 2670 2689 esse
2729 2637 2915 2690 nemo

560 2733 913 2796 contendet.
988 2730 1236 2795 Deinde
1282 2734 1540 2816 regulae
1588 2736 1783 2798 simili
1820 2731 2008 2798 modo
2057 2734 2702 2814 circumscribuntur;
2756 2734 2918 2816 quin

561 2841 748 2902 etiam
800 2839 994 2902 dictio
1034 2838 1537 2919 Palaemoniana,
1588 2847 1903 2925 quatenus
1949 2844 2020 2904 in
2066 2848 2194 2905 tam
2235 2840 2418 2904 breui
2455 2841 2913 2903 commentario

557 2945 699 3009 fieri
756 2947 939 3012 licuit
992 2950 1239 3009 retenta
1293 2953 1401 3010 est.
1497 2947 1622 3011 Sed
1678 2950 2033 3012 miserrime
2082 2947 2492 3011 Cominianus
2539 2949 2607 3010 in
2656 2946 2914 3009 confici-

561 3053 722 3121 endo
771 3069 843 3116 ac
891 3055 1392 3119 consarcinaudo
1441 3057 1893 3119 commentario
1941 3075 2059 3119 suo
2105 3055 2506 3118 Palaemonis
2554 3055 2915 3117 doctrinam

562 3162 883 3224 contraxit
920 3181 994 3225 ac
1023 3162 1347 3225 mutilauit
1376 3164 1484 3244 ita,
1511 3167 1584 3225 ut
1622 3163 1868 3226 nullam
1907 3163 2190 3245 regulam
2229 3160 2472 3224 saluam
2507 3162 2913 3244 relinqueret.

558 3264 654 3329 Ea
699 3272 938 3350 autem,
985 3289 1022 3330 a
1070 3267 1305 3351 quibus
1345 3275 1532 3352 caput
1576 3271 1830 3353 incipit,
1880 3268 2292 3333 Cominianus
2330 3268 2696 3331 Palaemoni
2735 3285 2914 3350 prae-

560 3376 754 3457 cepit,
809 3375 877 3437 id
928 3375 1098 3457 quod
1146 3395 1229 3438 ex
1277 3377 1594 3458 excerptis
1641 3376 1858 3457 liquet.
1956 3374 2281 3439 Charisius
2325 3376 2493 3438 enim
2541 3375 2664 3446 hie,
2723 3374 2915 3436 sicuti

558 3482 631 3543 in
689 3481 852 3544 libro
908 3481 1002 3564 II,
1068 3502 1218 3545 cum
1274 3503 1311 3543 a
1367 3481 1743 3544 Cominiano
1809 3482 2275 3546 transcribendi
2332 3482 2588 3544 initium
2641 3480 2915 3559 fecisset,

561 3607 668 3652 eas
714 3588 982 3672 regulaS,
1041 3609 1198 3670 quas
1247 3587 1660 3651 Cominianus
1721 3609 1758 3650 a
1807 3588 2186 3651 Palaemone
2242 3588 2481 3651 similes
2537 3591 2913 3670 sumpserat,

559 3699 898 3778 postquam
945 3695 1023 3757 ad
1069 3695 1261 3757 huius
1310 3694 1665 3757 doctrinam
1710 3696 2005 3778 peruenit
2051 3696 2280 3758 omisit.

742 3800 945 3884 Caput
989 3800 1186 3882 XIX,
1255 3801 1426 3884 quod
1490 3822 1548 3884 p.
1604 3803 2103 3883 150,21—151,
2142 3806 2177 3865 7
2240 3794 2346 3866 ‘de
2409 3802 2628 3865 formis
2688 3820 2915 3864 casua-

559 3900 755 3971 libus'
800 3907 1023 3992 refert,
1062 3907 1463 3971 Palaemonis
1512 3927 1650 3971 esse
1697 3927 1844 3972 cum
1891 3928 1926 3972 e
1972 3908 2325 3972 disserendi
2369 3928 2598 3991 genere
2645 3914 2785 3971 tum
2833 3926 2917 3971 ex

560 4033 637 4084 eo
687 4014 980 4077 concludi
1025 4020 1254 4098 potest,
1308 4015 1479 4099 quod
1523 4016 1804 4099 plurima
1847 4016 2076 4099 prioris
2124 4016 2348 4099 capitis
2395 4015 2687 4097 exempla
2732 4031 2914 4097 repe-

560 4122 679 4185 tita
725 4127 888 4185 sunt.
2673 4129 2678 4135 ·

740 4226 957 4294 Primo
1005 4227 1277 4292 Charisii
1334 4229 1498 4293 libro
1560 4229 1849 4292 absoluto
1903 4228 2229 4312 paulisper
2274 4227 2755 4292 subsistendum
2803 4232 2912 4290 est

557 4334 720 4399 ·Jure
768 4336 968 4417 enim,
1027 4336 1138 4419 qui
1184 4335 1589 4399 Palaemonis
1637 4335 1909 4398 docendi
1962 4337 2274 4399 rationem
2325 4354 2458 4404 non
2501 4334 2914 4418 perspexerit,
