3197 4992
1503 403 1769 465 „20
1860 439 1944 447 --

537 582 826 647 Romano
876 581 1189 663 exempla,
1237 600 1273 641 a
1312 578 1688 642 Geminiano
1735 580 1989 663 regulas
2026 580 2369 643 nonnullas
2407 581 2669 663 accepit.
2761 579 2887 643 Ro-

538 708 770 752 manus
808 692 870 751 et
910 685 1328 749 Cominianus
1360 685 1770 751 Palaemonis
1810 686 2163 751 doctrinam
2200 688 2330 750 iam
2368 687 2887 769 compilauerant.

539 797 603 858 A
648 794 1050 874 Palaemone,
1098 795 1204 856 cui
1249 794 1528 876 plurima
1577 793 1790 873 debet,
1839 792 2166 858 Charisius
2214 800 2351 856 tum
2400 792 2482 855 ad
2526 792 2885 856 Romanum

541 902 838 985 delapsus
885 905 1005 981 est,
1064 919 1210 963 cum
1257 900 1431 962 illius
1488 899 1780 963 doctrina
1837 902 2037 963 nimia
2096 909 2289 983 atque
2333 899 2596 963 uberior
2641 900 2701 962 ei
2746 901 2887 962 uisa

540 1014 652 1073 est.
700 1046 783 1057 -ψ
831 1007 911 1070 In
957 1007 1240 1070 secundo
1285 1006 1450 1069 libro
1497 1025 1639 1070 eam
1677 1007 2056 1090 plerumque
2101 1012 2360 1080 secutus
2408 1012 2503 1069 est
2548 1013 2885 1070 consuetu-

540 1116 777 1195 dinem,
805 1120 879 1177 ut
899 1112 1262 1177 Cominiani
1288 1114 1602 1197 particula
1629 1114 1979 1196 praemissa
2002 1113 2084 1175 ad
2102 1112 2510 1176 Palaemonis
2531 1113 2884 1176 doctrinam

538 1227 827 1306 pergeret
883 1221 1274 1304 ampliorem.
1369 1219 1508 1296 Qua
1563 1239 1647 1284 ex
1702 1225 1881 1302 parte
1934 1220 2313 1301 transcripta
2368 1219 2451 1282 ad
2507 1217 2885 1300 Romanum,

541 1330 655 1412 qui
711 1348 745 1392 e
800 1327 1204 1391 Palaemonis
1259 1329 1662 1410 aliorumque
1717 1328 2098 1409 scriptorum
2155 1327 2470 1409 exemplis
2526 1326 2887 1391 breuiorem

539 1435 1072 1499 commentarium
1112 1432 1485 1513 confecerat,
1533 1452 1673 1497 sese
1713 1433 2000 1496 contulit.
2041 1470 2124 1477 —-
2163 1432 2242 1495 In
2289 1435 2548 1496 tertium
2595 1438 2659 1496 et
2697 1435 2885 1516 quin-

539 1547 680 1604 tum
723 1541 959 1603 librum
998 1539 1402 1603 Palaemonis
1448 1546 1702 1604 tantum
1748 1540 1937 1602 modo
1984 1545 2322 1623 praecepta
2367 1541 2707 1604 transtulit.
2790 1540 2887 1605 De

540 1652 765 1729 quarto
831 1647 1022 1728 libro,
1090 1667 1216 1729 quo
1275 1648 1354 1711 de
1399 1647 1834 1711 Palaemonis·
1873 1647 2164 1709 doctrina
2229 1649 2517 1729 quaestio
2583 1667 2716 1711 non
2777 1654 2886 1729 est,

539 1754 839 1837 equidem
888 1755 1050 1816 nihil
1099 1755 1310 1817 statui.

720 1860 935 1943 Atque
983 1862 1051 1922 in
1094 1859 1531 1924 Charisianam
1578 1866 1779 1925 artem
1824 1880 1999 1923 nunc
2037 1859 2442 1923 incubiturus
2487 1862 2558 1923 in
2605 1861 2886 1924 eruenda

539 1967 944 2050 singulorum
1001 1973 1335 2031 auctorum
1398 1968 1690 2046 doctrina
1733 1969 2045 2048 maxima,
2109 1987 2236 2050 qua
2281 1973 2500 2050 potero
2551 1967 2887 2051 diligentia

537 2078 685 2136 utar
729 2074 845 2155 ita,
905 2080 981 2137 ut
1023 2076 1120 2137 ira
1166 2080 1228 2137 et
1273 2074 1485 2137 studio
1531 2094 1781 2137 uacuus
1827 2074 2215 2153 discernam,
2264 2094 2429 2156 quae
2473 2076 2886 2138 uniuscuius-

540 2199 666 2262 que
730 2182 862 2243 sint
924 2200 1137 2263 neque
1201 2180 1518 2264 abrogans
1580 2180 1872 2244 Romano
1938 2185 2051 2243 aut
2097 2178 2500 2262 Cominiano,
2567 2200 2732 2264 quae
2797 2181 2886 2244 eis

540 2285 881 2367 debentur,
948 2307 1160 2370 neque
1206 2287 1607 2364 Palaemoni,
1673 2307 1838 2371 quae
1885 2290 2026 2351 eius
2088 2307 2221 2350 non
2286 2280 2439 2350 sunt
2503 2288 2884 2352 adscribens

537 2390 768 2456 Denuo
836 2396 1036 2475 enim,
1104 2393 1276 2476 quod
1341 2415 1401 2456 u.
1453 2394 1510 2460 d.
1568 2393 2062 2457 Schottmueller
2122 2396 2194 2457 in
2261 2393 2620 2458 Charisium
2686 2413 2888 2478 nuper
2933 2464 2944 2467 Α

537 2501 578 2562 l.
625 2502 666 2563 l.
713 2502 1049 2582 inquirens
1094 2501 1412 2565 nonnulla
1457 2521 1588 2564 non
1640 2504 1873 2585 tetigit,
1938 2502 2064 2564 alia
2109 2504 2546 2585 grammaticis
2610 2522 2683 2566 eo
2732 2509 2884 2566 tem-

538 2626 691 2690 pore
756 2607 1045 2670 nondum
1109 2598 1297 2690 plane
1362 2608 1551 2671 editis
1618 2629 1655 2671 a
1724 2607 1937 2672 Keilio
2007 2609 2397 2691 inuestigare
2469 2630 2600 2673 non
2663 2612 2884 2694 potuit,

540 2715 827 2797 quaestio
876 2713 1285 2797 suscipienda
1331 2720 1441 2779 est.

1501 2949 1927 2956 ..ψ-

760 3141 860 3208 ΙΙ.
945 3143 1048 3209 De
1097 3142 1176 3232 Q.
1224 3142 1543 3209 Remmii
1590 3142 2051 3209 Palaemonis
2099 3143 2437 3211 doctrina
2481 3143 2675 3228 apud

1307 3248 1719 3316 charisium
1766 3251 2121 3317 exstante.

1155 3412 1233 3472 A.
1315 3417 1418 3472 De
1464 3415 1646 3472 libro
1695 3415 1984 3472 Charisii
2026 3418 2269 3485 prime.

714 3569 793 3632 In
841 3570 1277 3652 conquirenda
1323 3570 1730 3633 Palaemonis
1786 3569 2076 3632 doctrina
2133 3590 2280 3632 cum
2327 3571 2673 3634 oriundum
2721 3571 2805 3634 sit
2849 3590 2889 3633 a

536 3676 743 3739 tribus
789 3676 919 3740 illis
963 3676 1310 3760 particulis,
1359 3696 1522 3758 quas
1569 3695 1653 3739 ex
1699 3678 1840 3740 eius
1883 3676 2043 3739 libro
2092 3696 2160 3740 se
2207 3678 2680 3760 transcripsisse
2726 3676 2887 3740 Cha-

535 3784 732 3846 risius
779 3784 914 3866 ipse
960 3787 1255 3846 testatur:
1304 3803 1364 3865 p.
1414 3784 1931 3865 225,5-—229,2
1982 3784 2060 3846 de
2107 3784 2592 3864 coniunctione3
2639 3804 2698 3869 p.
2739 3786 2887 3866 231,

542 3881 820 3970 1-236,
859 3893 940 3952 15
1003 3890 1079 3952 de
1134 3891 1634 3973 praepositione3
1695 3912 1754 3974 p.
1803 3893 1952 3971 238,
1985 3892 2249 3958 23—25
2299 3890 2377 3954 de
2421 3891 2886 3970 interiectione,

537 4016 816 4079 cumque
856 3996 1110 4060 dicendi
1149 3976 1548 4079 docendique
1585 3996 1991 4060 Palaemonis
2028 3998 2188 4059 ratio
2227 3997 2616 4080 permultum
2654 3996 2885 4076 ualeat,

536 4105 593 4167 si
642 4104 926 4186 quaeris,
996 4101 1304 4185 quidnam
1369 4105 1436 4166 in
1487 4105 1604 4185 eis,
1671 4124 1832 4186 quas
1879 4104 2017 4167 dixi
2081 4105 2416 4188 particulis
2480 4105 2548 4165 in
2615 4102 2886 4166 dicendo

534 4210 936 4293 grammatici
1000 4210 1329 4292 proprium
1393 4211 1494 4291 sit,
1559 4211 1767 4294 primo
1832 4212 1970 4274 loco
2032 4203 2281 4275 ‘uelut'
2347 4210 2511 4273 illud
2582 4210 2885 4293 posueris

534 4318 902 4381 Palaemoni
959 4317 1131 4380 enim
1188 4336 1263 4380 ea
1317 4316 1628 4399 loquendi
1682 4318 2075 4381 consuetudo
2125 4323 2245 4397 est,
2301 4322 2375 4379 ut
2421 4317 2730 4399 exemplis
2774 4322 2891 4379 aut

536 4445 576 4487 a.
621 4424 1037 4508 scriptoribus
1091 4424 1306 4507 petitis
1362 4429 1474 4486 aut
1529 4423 1609 4485 ab
1666 4424 1807 4506 ipso
1862 4423 2031 4488 fictis
2076 4416 2322 4487 ‘uelut'
2370 4424 2890 4487 coniunctionem
