3197 4992
343 309 511 391 ἰι-Δ,
677 385 686 393 ·
1214 293 1303 358 ·—
1396 316 1481 376 47
1576 353 1659 358 —

286 491 615 574 insequens
676 493 964 556 doctrina
1017 494 1190 556 inter
1244 511 1311 555 se
1368 492 1792 574 conueniunt,
1853 493 2149 574 sequitur
2203 511 2408 553 unum
2455 509 2613 553 eun-

289 597 546 680 demque
590 619 813 662 eorum
861 604 1185 663 auctorem
1233 619 1384 664 esse.

448 705 853 770 Prooemium
921 708 1244 790 excipitur
1306 726 1343 769 a
1403 706 1819 789 dispositione
1865 706 1949 788 (p.
1999 707 2101 781 51,
2132 702 2445 786 21—26)
2492 705 2611 766 ita:

285 803 529 874 ‘Omnia
573 814 771 895 igitur
816 815 1105 896 nomina,
1164 813 1400 896 quibus
1450 813 1756 875 uniuersa
1805 812 2100 874 dictionis
2147 812 2312 875 silua
2358 803 2637 894 copiosa·

285 922 392 998 est,
452 939 584 982 non
645 920 790 1003 plus
840 941 1033 1003 quam
1097 940 1211 1004 per
1265 920 1607 983 duodecim
1666 919 1936 982 uitimas
1990 921 2235 983 litteras
2281 918 2615 995 finiuntur,

286 1025 556 1109 quinque
602 1029 862 1091 uocales
910 1048 947 1090 a
986 1048 1020 1091 e
1056 1029 1081 1090 i
1119 1047 1154 1090 o
1197 1048 1258 1106 u,
1305 1046 1422 1090 sex
1468 1027 1891 1091 semiuocales
1935 1027 1959 1088 l
1996 1047 2061 1088 m
2098 1047 2142 1088 n
2179 1046 2213 1088 r
2249 1045 2279 1088 s
2317 1045 2381 1106 X,
2418 1044 2616 1086 unam
2694 1092 2698 1096 ,

282 1139 509 1196 mutam
569 1138 612 1196 t.
725 1132 1086 1218 Sequemur
1149 1154 1299 1218 ergo
1363 1135 1483 1197 hae
1549 1136 1984 1197 extremitates
2050 1138 2161 1195 aut
2222 1152 2340 1216 per
2405 1133 2621 1193 omnia

281 1257 502 1320 genera
550 1245 662 1302 aut
705 1259 820 1324 per
867 1260 958 1323 ea,
1007 1260 1172 1325 quae
1218 1243 1288 1303 iu
1340 1239 1726 1323 quibusdam
1767 1240 2142 1303 nominibus
2180 1245 2349 1316 sunt,
2397 1240 2619 1321 singu-

280 1344 477 1428 lisque
535 1348 1053 1412 extremitatibus
1111 1350 1516 1430 quaestiones
1573 1366 1724 1410 suas
1780 1354 1842 1411 et
1897 1347 2332 1410 subieciemus
2388 1350 2449 1408 et
2495 1345 2619 1408 sol-

283 1447 546 1516 uemus³.
607 1492 691 1498 —
757 1453 934 1530 Quae
1000 1454 1329 1536 dispositio
1393 1473 1612 1517 nonne
1678 1453 2239 1518 Palaemonianam
2306 1454 2621 1537 originem

285 1558 719 1643 ordinemque,
771 1581 965 1644 quem
1013 1581 1206 1644 supra
1255 1562 1696 1642 cognouimus,
1744 1564 1811 1624 in
1849 1562 2057 1625 fronte
2095 1561 2327 1624 habet?
2404 1559 2623 1622 Verba

281 1665 416 1728 ista:
469 1660 865 1749 ‘Sequemur
912 1686 1057 1748 eigo
1105 1667 1220 1729 has
1268 1669 1820 1732 extremitates...
1873 1668 2278 1751 singulisque
2324 1668 2623 1730 extremi-

282 1772 511 1836 tatibus
581 1774 988 1855 quaestiones
1055 1790 1203 1836 suas
1269 1778 1331 1836 et
1396 1775 1828 1839 subieciemus
1877 1781 1939 1839 et
2003 1768 2360 1839 soluemus'
2408 1792 2623 1836 nonne

283 1880 458 1942 titulo
534 1881 761 1963 capitis
827 1884 1042 1964 aperte
1105 1881 1544 1963 respondent?
1638 1882 1976 1946 Praeterea
2038 1883 2341 1965 respicias
2407 1880 2621 1960 uelim,

285 1987 482 2067 qualis
529 1988 613 2050 sit
660 2006 948 2050 conexus
997 1987 1431 2071 dispositionis
1469 2007 1619 2051 cum
1656 1988 1785 2052 fine
1830 1991 2165 2072 prooemii3
2218 2007 2345 2071 quo
2395 1986 2624 2050 confir-

281 2099 533 2156 mantur
580 2113 672 2175 ea,
721 2113 885 2176 quae
934 2095 1013 2158 de
1059 2096 1338 2178 pooemii
1386 2101 1644 2159 auctore
1691 2099 1903 2160 statui.
1954 2135 2036 2142 —-
2087 2096 2221 2158 Iam
2270 2095 2349 2157 de
2393 2095 2624 2156 harum

252 2220 487 2292 'rerum
539 2206 800 2264 auctore
855 2200 1167 2264 dubitatio
1215 2202 1393 2264 nulla
1454 2208 1563 2266 est.
1658 2202 1886 2286 Itaque
1931 2205 2121 2287 plura
2166 2202 2369 2266 uerba
2412 2202 2621 2263 facere

203 2362 211 2376 .
280 2309 490 2386 mitto;
558 2327 863 2390 quaeram
908 2309 1148 2392 potiUS,
1208 2302 1369 2372 num
1414 2311 1527 2373 illa
1581 2330 1800 2373 rerum
1850 2312 2182 2394 dispositio
2241 2313 2495 2372 seruata
2542 2307 2625 2368 sit

183 2472 189 2483 ,
282 2435 311 2476 a
368 2413 657 2477 Charisio
715 2422 778 2479 et
836 2415 1153 2499 quomodo
1210 2416 1363 2479 ordo
1420 2417 1833 2501 perturbatus
1889 2421 1986 2481 sit.
2090 2416 2299 2493 Quam
2355 2417 2425 2477 in
2489 2432 2625 2475 rem

283 2542 426 2585 cum
471 2524 605 2585 iam
653 2522 1075 2587 Morawskius
1122 2526 1160 2587 l.
1199 2524 1238 2587 l.
1285 2525 1719 2607 inquisiuerit⁷
1766 2531 1979 2589 tamen
2020 2527 2323 2610 quoniam
2374 2523 2453 2585 ad
2494 2540 2626 2583 cer-

284 2636 417 2692 tum
466 2630 794 2712 quendam
840 2629 1037 2693 finem
1083 2650 1223 2695 eam
1272 2651 1402 2694 non
1449 2634 1773 2715 perduxit,
1822 2634 2033 2696 denuo
2085 2633 2376 2716 quaestio
2426 2628 2627 2692 susci-

255 2737 507 2818 ·pienda
556 2742 669 2800 est.
763 2738 982 2820 Atque
1037 2738 1577 2821 proficiscendum
1637 2745 1731 2803 est
1786 2760 1823 2801 a
1868 2741 2183 2823 particula
2236 2740 2347 2801 illa
2405 2736 2628 2799 tertiae

287 2843 727 2907 declinationis
765 2881 846 2890 -—
888 2864 1039 2907 nam
1075 2845 1469 2928 reliquarum
1509 2846 2014 2909 declinationum
2043 2845 2445 2909 Palaemonis
2476 2843 2628 2905 ordo

285 2950 403 3013 iam
450 2952 521 3013 in
571 2951 1010 3034 superioribus
1067 2951 1380 3035 capitibus
1435 2953 1783 3035 inplicatus
1849 2960 1944 3018 est
2011 2976 2046 3017 a
2095 2953 2377 3016 Charisio
2427 2988 2510 2995 —-
2558 2951 2629 3011 iu

287 3060 482 3141 capite
530 3057 601 3120 X
648 3079 707 3141 p,
757 3060 860 3139 25,
893 3061 1143 3138 1—-30,
1174 3061 1258 3121 22
1308 3065 1615 3122 exstante.
1709 3060 1840 3123 Ubi
1885 3061 2230 3123 Palaemon
2278 3062 2372 3122 sic
2422 3059 2631 3139 dispo-

285 3167 432 3228 suit:
499 3164 828 3227 uocalium
877 3185 914 3227 a
962 3184 996 3228 e
1042 3167 1064 3227 i
1111 3185 1146 3227 o
1194 3187 1239 3229 u
1285 3168 1340 3228 is
1391 3167 1653 3248 quidem
1702 3168 1854 3230 ordo
1904 3168 2277 3231 obseruatus
2326 3172 2449 3244 est3
2519 3162 2631 3226 sed

288 3274 642 3354 unicuique
666 3273 900 3334 ‚uocali
947 3273 1241 3355 singulae
1290 3274 1591 3356 deinceps
1632 3280 2054 3338 consonantes
2092 3275 2305 3337 statim
2347 3272 2631 3335 adiectae

287 3385 433 3443 sunt
479 3381 553 3441 in
599 3379 776 3442 hunc
821 3380 1114 3442 modum:

370 3508 406 3551 a
631 3487 690 3548 al
906 3506 988 3549 an
1205 3507 1319 3550 ans
1537 3508 1609 3550 ar
1826 3508 1927 3551 ars
2144 3508 2213 3551 as
2421 3506 2505 3548 ax
2526 3508 2540 3564 3

375 3615 409 3658 e
633 3594 692 3656 el
910 3612 987 3656 en
1207 3613 1321 3658 ens
1538 3614 1608 3657 er
1841 3600 1905 3657 es
2135 3598 2209 3658 'es
2426 3613 2509 3657 ex
2527 3615 2541 3672 3

354 3700 423 3786 (i)
640 3701 690 3762 il
915 3702 985 3762 in
1220 3700 1284 3766 is
1519 3701 1603 3766 ix
1617 3726 1631 3781 ς

373 3828 407 3871 o
631 3807 693 3869 ol
911 3827 992 3869 on
1221 3827 1290 3870 or
1523 3825 1603 3875 os
1671 3824 1676 3828 ’
1830 3826 1957 3887 0x3

348 3917 440 4000 (u)
630 3915 696 3977 ul
912 3934 990 3977 ur
1222 3935 1300 3978 us
1514 3917 1617 3979 uis
1843 3922 1919 3979 ut
2133 3937 2243 3981 ux,

461 4022 683 4085 Talem
719 4021 912 4085 huius
953 4041 1209 4105 quoque
1256 4024 1477 4105 capitis
1525 4023 1820 4085 ordinem
1854 4022 2051 4086 fuisse
2095 4022 2245 4085 inde
2275 4024 2637 4102 -noscimus,

299 4131 460 4212 quod
501 4131 632 4192 duo
671 4130 977 4212 pristinae
1013 4129 1189 4191 illius
1226 4130 1582 4211 partitionis
1619 4129 1921 4192 frustula:
1975 4122 2061 4192 ‘is
2098 4122 2200 4190 ix'
2237 4149 2296 4211 p.
2339 4131 2440 4209 88,
2462 4130 2633 4191 29-

300 4238 396 4318 91,
425 4239 512 4301 30
574 4242 638 4298 et
679 4228 787 4297 ‘os
836 4230 952 4298 ox²
1007 4257 1064 4319 p.
1117 4239 1220 4318 91,
1252 4239 1419 4299 31—x
1450 4239 1552 4318 92,
1583 4240 1665 4299 21
1727 4241 1983 4300 seruata
2042 4241 2193 4298 sunt
2248 4255 2284 4296 a
2332 4234 2636 4299 CharisiO.

298 4340 722 4428 Inspiciamus
768 4362 970 4424 nunc,
1032 4344 1353 4426 quomodo
1400 4345 1641 4406 factum
1689 4345 1798 4426 sit,
1856 4351 1930 4405 ut
1979 4342 2304 4405 Charisius
2349 4341 2635 4425 partitio-
