3197 4992
1235 311 1678 372 5-73—

291 489 795 550 coniunctionum
878 486 1395 561 interjectionum
1486 492 1824 570 praecepta
1907 487 2283 549 circumcisa
2368 487 2498 548 sint
2590 506 2628 548 a

294 593 576 659 CharisiO.

452 700 827 783 Sequuntur
874 700 1362 762 coniunctiones
1410 702 1635 783 capitis
1682 699 1845 761 XIV
1883 721 1940 782 p.
1990 702 2139 779 224,
2178 701 2524 775 23-230,
2567 702 2623 763 2.

288 805 460 880 Quod
536 813 727 889 caput
801 827 837 868 a
904 806 1087 870 breui
1153 806 1516 869 Cominiani
1592 807 2049 869 commentario
2125 807 2382 869 initium
2460 808 2624 872 facit.

287 912 688 976 Cominianus
735 919 949 976 autem
989 913 1199 976 denuo
1239 915 1710 977 coniunctionis
1749 913 2152 976 Palaemonis
2191 913 2624 977 definitionem

286 1025 343 1082 et
398 1022 805 1103 partitionem
869 1022 1188 1104 praecepit
1251 1022 1365 1101 ita,
1440 1026 1513 1082 ut
1580 1020 1903 1083 Charisius
1978 1040 2124 1082 cum
2203 1021 2282 1082 ad
2352 1020 2626 1084 Remmii

282 1125 628 1188 doctrinam
688 1128 1116 1209 peruenisset,
1162 1129 1300 1190 eius
1350 1128 1786 1191 definitionem
1835 1128 2087 1210 aliaque
2135 1129 2416 1191 reiceret.
2512 1127 2625 1192 Ce-

280 1237 480 1295 terum
544 1235 703 1315 quin
768 1240 963 1296 totam
1024 1235 1401 1317 particulam
1465 1233 1878 1297 Cominianus
1945 1253 1979 1295 a
2037 1233 2420 1296 Palaemone
2480 1255 2625 1297 mu-

280 1342 491 1401 tuatus
547 1341 656 1420 sit,
719 1340 1000 1403 dubitari
1062 1342 1320 1403 omnino
1378 1361 1509 1403 :non
1570 1346 1793 1424 potest.
1887 1338 2142 1402 Etenim
2189 1346 2250 1403 et
2295 1341 2624 1424 dispositio

279 1445 522 1527 eadem,
583 1466 748 1528 quae
803 1449 872 1509 in
929 1449 1197 1530 reliquis
1245 1449 1550 1510 orationis
1597 1446 1886 1531 partibus
1934 1468 1970 1509 a
2017 1447 2400 1510 Palaemone
2446 1467 2625 1530 prae-

280 1551 475 1634 betur,
537 1560 598 1616 et
645 1553 986 1618 Diomedes
1033 1576 1091 1638 p.
1141 1558 1290 1635 415,
1334 1557 1413 1617 16
1475 1555 1732 1617 easdem
1795 1556 2322 1617 coniunctionum
2381 1556 2624 1637 species

278 1660 391 1723 sub
425 1661 828 1724 Palaemonis
865 1664 1126 1725 nomine
1165 1663 1370 1727 tradit.
1403 1698 1485 1706 —
1519 1659 1697 1736 Quae
1737 1662 1888 1724 inde
1926 1682 1977 1723 a.
2019 1683 2074 1743 p.
2111 1663 2259 1741 225,
2282 1663 2623 1741 5-229,2

277 1765 594 1849 leguntur,
643 1788 679 1829 a
726 1767 936 1830 Keilio
983 1769 1176 1852 praef.
1215 1770 1283 1831 in
1324 1768 1505 1831 Char.
1552 1790 1612 1851 p.
1650 1767 1874 1831 XLIX
1920 1774 1983 1830 ct
2020 1789 2057 1830 a
2096 1767 2624 1831 Schottniuellero

274 1893 328 1955 p.
370 1880 404 1936 8
455 1874 828 1937 Palaemoni
877 1874 1191 1958 adscripta
1238 1881 1419 1953 sunt3
1482 1881 1543 1938 et
1587 1880 1757 1938 recte
1805 1876 1873 1937 id
1922 1875 2199 1958 quidem.
2247 1911 2336 1920 -—-
2381 1873 2542 1936 Inde
2589 1895 2626 1936 a

273 1999 326 2061 p.
366 1982 517 2061 229,
539 1983 801 2044 3-230
848 1981 1121 2045 Roma-ni
1168 1982 1455 2044 doctrina
1503 2003 1539 2044 a
1579 1980 1863 2044 Charisio
1912 1983 1968 2044 ei
2016 1982 2340 2044 uindicata
2388 1987 2621 2058 exstat3

274 2105 307 2148 e
355 2107 510 2169 qua,
561 2091 866 2170 quoniam
911 2109 1116 2172 pauca
1163 2089 1373 2152 adlata
1421 2095 1600 2170 sunt,
1649 2089 1808 2151 nihil
1858 2090 2180 2171 conligere
2226 2089 2390 2150 licet.

450 2193 657 2278 Caput
712 2195 843 2258 XV
897 2217 956 2279 p.
1005 2198 1153 2277 230,
1194 2198 1495 2276 3—238,
1535 2199 1615 2257 17
1676 2202 1771 2258 est
1828 2189 1940 2258 ‘de
2000 2189 2622 2278 praepositionibus'.

274 2299 449 2376 Quae
514 2323 572 2385 p.
635 2305 793 2383 231,
846 2306 1280 2384 1-236,15
1347 2303 1760 2385 proferuntur
1823 2324 1860 2365 a
1924 2302 2307 2365 Palaemone
2370 2309 2626 2384 sumpta

273 2428 408 2472 esse
454 2410 584 2471 iam
631 2408 884 2472 Keilius
931 2412 968 2472 l.
1018 2411 1055 2473 l.
1105 2417 1167 2474 et
1213 2410 1706 2474 Schottmueller
1750 2431 1808 2493 p.
1851 2413 1889 2472 8
1939 2414 2336 2486 statuerunt,
2389 2406 2623 2490 quibus

271 2517 518 2581 accedo.
614 2516 977 2580 Charisium
1032 2525 1246 2581 autem
1304 2538 1437 2580 non
1501 2537 1757 2581 omnem
1814 2517 2220 2580 Palaemonis
2269 2515 2623 2578 doctrinam

270 2626 607 2708 accepisse,
668 2625 781 2687 sed
841 2625 1185 2707 particulas
1251 2627 1589 2708 quasdam,
1659 2644 1823 2708 quae
1885 2631 2067 2708 aptae
2124 2625 2184 2686 ei
2231 2625 2408 2686 uisae
2454 2629 2624 2704 sunt,

271 2732 670 2814 excerpsisse
718 2750 752 2794 e
799 2751 1013 2795 rerum
1066 2733 1473 2814 dispositione
1521 2733 1744 2795 elucet.
1823 2730 1992 2806 Quin
2032 2732 2222 2793 etiam
2270 2751 2326 2813 p.
2368 2732 2620 2809 231,11

269 2838 335 2900 id
379 2840 518 2922 ipse
562 2839 694 2902 fere
740 2839 984 2901 indicat
1022 2836 1346 2901 Charisius
1387 2840 1638 2902 dicens:
1688 2832 1910 2921 ‘Apud
1948 2837 2398 2900 Palaemonem
2433 2837 2625 2899 etiam

272 2945 433 3008 aliae
484 2945 964 3008 obseruationes
1010 2947 1270 3028 penitus
1328 2947 1615 3027 digestae
1666 2953 1816 3008 sunt
1872 2951 2102 3028 utputa
2135 2995 2146 3007 .
2179 2994 2191 3008 .
2223 2939 2274 3007 ‚²
2323 2982 2406 2989 —
2456 2943 2624 3007 Saue

273 3050 555 3134 digestae
600 3051 864 3114 fuerunt
909 3054 1192 3134 penitus3
1243 3055 1487 3116 utinam
1537 3071 1756 3115 omnes
1803 3051 2217 3135 recepisset.1)

451 3156 629 3232 Quae
704 3179 760 3241 p.
829 3161 986 3240 230,
1034 3163 1166 3221 4-
1195 3161 1276 3222 32
1362 3160 1764 3222 Palaemonis
1842 3159 2368 3221 commentarium
2444 3177 2624 3238 prae-

272 3265 538 3345 cedunt,
586 3263 958 3328 Cominiano
1007 3287 1044 3328 a
1092 3266 1375 3328 Charisio
1425 3267 1665 3329 tributa
1711 3272 1878 3328 sunt.
1974 3265 2100 3329 Sed
2153 3265 2365 3327 denuo
2416 3262 2623 3324 Comi-

270 3372 508 3434 nianus
555 3370 955 3435 Palaemonis
1013 3373 1362 3436 doctrinam
1420 3375 1780 3456 usurpauit,
1836 3373 1905 3434 id
1962 3372 2134 3455 quod
2177 3391 2258 3433 ex
2315 3389 2387 3432 eo
2437 3389 2623 3452 appa-

270 3483 393 3558 ret,
456 3479 628 3560 quod
685 3477 1049 3541 Cominiani
1106 3482 1423 3563 exempla,
1492 3501 1656 3562 quae
1722 3500 1990 3543 casuum
2054 3475 2623 3561 praepositionibus

271 3585 589 3665 seruiunt,
649 3586 1032 3667 respondent
1089 3589 1198 3668 eiS,
1262 3607 1427 3669 quae
1472 3587 1821 3650 Palaemon
1876 3587 2221 3650 uerborum
2270 3584 2623 3665 eademque

272 3693 609 3753 nominum
658 3692 1237 3775 praepositionibus
1285 3695 1532 3757 adiecit.
1627 3694 1853 3777 Neque
1899 3694 1966 3755 id
2013 3693 2250 3756 morari
2297 3690 2622 3769 debemus,

275 3797 450 3878 quod
499 3797 916 3862 Cominianus
965 3801 1220 3863 diuersa
1266 3821 1757 3884 nonnumquam
1807 3801 2098 3882 exempla
2144 3800 2389 3882 posuit,
2451 3796 2624 3879 quod

273 3902 424 3966 inde
472 3911 679 3967 ortum
730 3912 851 3987 est,
901 3907 1073 3989 quod
1119 3909 1185 3968 in
1237 3906 1643 3971 Palaemonis
1688 3908 1852 3970 libro
1901 3908 2086 3990 plura
2132 3906 2423 3988 exempla
2470 3906 2624 3966 scri-

456 4081 496 4148 ¹)
546 4097 592 4148 p.
634 4085 755 4148 232,
783 4086 957 4135 7—10
1006 4099 1179 4149 pauca
1215 4082 1445 4136 Romani
1482 4085 1648 4137 uerba
1683 4083 2022 4137 Palaemonis
2061 4081 2329 4135 doctrinae
2369 4097 2401 4133 a
2438 4058 2622 4132 Chari-

180 4241 185 4244 ,
276 4168 355 4221 sio
394 4170 645 4238 adspersa
683 4173 829 4238 sunt,
866 4171 921 4223 id
959 4172 1101 4239 quod
1139 4171 1229 4224 uel
1268 4173 1439 4239 primo
1478 4174 1753 4226 oculorum
1797 4173 1992 4224 obtutu
2029 4169 2359 4238 cognoueriS.
2412 4167 2623 4233 Quibus

278 4256 502 4311 Romani
548 4261 728 4314 uerbis
777 4260 1054 4314 Charisius
1104 4262 1374 4315 adductus
1422 4263 1637 4314 uidetur
1683 4277 1825 4328 csse,
1878 4264 1942 4313 ut
1987 4261 2287 4325 adnotaret,
2340 4258 2481 4325 quod
2530 4273 2621 4310 su-

276 4362 371 4413 pra
407 4363 581 4415 posui.
