3197 4992
1366 644 1475 736 VI
1493 652 1649 734 ΤΑ.

512 905 717 971 Natus
764 926 907 971 sum
955 905 1216 970 Carolus
1261 905 1556 969 Andreas
1602 904 1942 970 Marschall
1986 904 2480 989 Heiligenstadii
2526 925 2577 969 a.
2626 904 2682 967 d.

336 1014 484 1078 VII.
531 1013 673 1077 Kal.
728 1013 910 1078 Febr.
978 1032 1146 1077 anno
1193 1013 1252 1076 h.
1302 1033 1348 1076 s.
1395 1011 1568 1076 LIX.
1622 1017 1797 1097 patre
1842 1013 2121 1090 Adamo,
2179 1017 2382 1076 matre
2437 1010 2686 1075 Martha

339 1121 417 1186 de
474 1126 664 1205 gente
721 1119 941 1204 Drost,
1003 1141 1275 1204 quorum
1331 1121 1459 1184 iam
1517 1118 1960 1183 defunctorum
2012 1124 2254 1204 gratam
2311 1120 2683 1183 memoriam

336 1229 513 1292 nulla
564 1230 637 1291 in
680 1246 782 1290 me
836 1248 1140 1310 umquam
1201 1226 1439 1291 delebit
1492 1225 1751 1294 obliuio.
1851 1225 2076 1291 Fidem
2131 1225 2429 1315 profiteor
2453 1225 2685 1316 ,catho-

335 1334 540 1398 licam.
626 1333 978 1416 Gymnasio
1024 1336 1266 1419 patriae
1312 1334 1491 1398 urbis
1538 1332 1828 1397 absoluto
1874 1338 2215 1418 postquam
2259 1351 2371 1417 per
2414 1333 2684 1396 hiemale

335 1447 589 1525 tempus
637 1442 887 1505 anni‘h.
926 1460 974 1505 s.
1013 1439 1307 1506 LXXXI
1342 1440 1716 1506 Monasterii
1754 1441 2128 1525 theologicis
2165 1440 2391 1504 studiis
2430 1458 2682 1524 operam

335 1549 593 1631 nauaui,
637 1567 791 1612 uere
838 1549 992 1611 anni
1036 1547 1363 1613 LXXXII
1409 1548 1814 1633 Friburgum,
1860 1553 1934 1611 ut
1977 1548 2276 1612 militaria
2321 1547 2529 1612 officia
2575 1568 2684 1613 ex-

336 1674 651 1739 sequerer,
715 1673 818 1719 me
883 1656 1141 1720 contuli.
1253 1655 1392 1732 Quo
1456 1656 1623 1720 facto
1684 1655 1980 1739 Friburgi
2042 1675 2155 1739 per
2219 1660 2519 1719 aestatem
2584 1658 2684 1719 in-

338 1763 665 1846 sequentis
711 1764 863 1826 anni
911 1766 1120 1828 mansi
1167 1764 1524 1848 theologiae
1570 1768 1635 1827 et
1677 1763 2064 1848 philologiae
2110 1763 2381 1828 deditus.
2476 1761 2685 1827 Sacris

337 1869 569 1933 studiis
623 1874 842 1954 postea
897 1889 1000 1934 me
1048 1870 1354 1935 abdicaui.
1459 1872 1792 1934 Autumno
1849 1871 2001 1933 anni
2046 1867 2406 1933 LXXXIII
2450 1871 2682 1934 iterum

335 1975 796 2042 Monasterium
840 1978 1011 2061 petii,
1057 1977 1171 2042 ubi
1216 1998 1329 2063 per
1376 1978 1474 2042 bis
1522 1997 1709 2043 senos
1746 1995 2000 2041 menses
2046 1977 2113 2039 in
2160 1976 2506 2061 philologia
2541 1997 2685 2042 uer-

338 2089 511 2147 satus
566 2104 725 2148 sum.
836 2084 984 2149 Uno
1048 2102 1214 2149 anno
1282 2091 1426 2169 post
1491 2086 1847 2149 studiorum
1902 2082 2433 2167 perficiendorum
2493 2104 2686 2148 causa

338 2189 594 2254 tandem
639 2191 719 2254 ad
763 2191 927 2254 hanc
976 2192 1234 2257 Almam
1280 2192 1553 2257 Matrem
1600 2190 1994 2276 Lipsiensem
2050 2192 2317 2274 accessi,
2375 2193 2557 2256 cuius
2604 2193 2683 2255 ad

337 2298 512 2362 hunc
559 2297 729 2361 diem
777 2299 939 2362 ciuis
989 2298 1099 2362 fui.

514 2403 886 2469 Docuerunt
929 2424 1033 2469 me
1075 2406 1203 2470 uiri
1255 2406 1703 2470 illustrissimi:
1766 2405 2163 2490 Hagemann,
2208 2404 2488 2490 Langen,
2533 2405 2683 2471 Nie-

336 2514 512 2596 hues,
566 2512 628 2577 N
632 2513 880 2577 ordhoff
885 2564 899 2597 ,
957 2512 1161 2596 Stahl,
1220 2512 1432 2597 Stork,
1484 2513 1781 2578 Wiillner
1839 2512 2386 2592 Monasteriensis;
2451 2512 2683 2595 Hense,

340 2621 418 2685 de
474 2620 688 2702 Holst,
754 2621 944 2704 Paul,
1011 2619 1323 2705 Schmidt,
1399 2620 1655 2685 Simson
1720 2620 2206 2705 Friburgenses3
2276 2621 2354 2684 de
2412 2619 2684 2703 Bahder,

335 2727 604 2812 Heinze,
663 2728 893 2813 Lange,
952 2727 1223 2812 Lipsius,
1281 2727 1592 2810 Ribbeck,
1650 2727 1933 2791 Zarncke
1996 2727 2370 2811 Lipsienses.
2461 2728 2684 2793 Prose-

337 2836 626 2899 minariis
671 2835 955 2918 interfui,
1004 2855 1164 2919 quae
1208 2837 1627 2900 instituerunt
1679 2835 1915 2918 Hense,
1969 2834 2156 2917 Paul,
2209 2835 2497 2901 Schmidt
2550 2836 2685 2901 Fri-

338 2942 716 3027 burgenses3
764 2941 1044 3027 Langen,
1092 2941 1284 3024 Stahl,
1333 2941 1521 3006 Stork
1566 2942 2112 3006 Monasterienses.
2186 2941 2433 3027 Langii,
2471 2943 2684 3028 Lipsii,

336 3048 674 3115 Ribbeckii
721 3050 1108 3134 benignitate
1154 3049 1318 3113 mihi
1365 3051 1658 3133 contigit,
1711 3056 1786 3114 ut
1829 3052 1896 3113 in
1942 3052 2272 3113 societates
2320 3069 2540 3114 eorum
2586 3071 2685 3114 re-

340 3158 579 3240 ciperer
621 3158 1049 3241 philologicas.
1142 3155 1479 3221 Seminarii
1525 3158 1874 3240 germanici
1922 3177 1959 3219 a
1996 3155 2303 3219 Zarnckio
2347 3156 2686 3240 gubernati

338 3282 450 3347 per
495 3284 738 3329 annum
787 3270 850 3329 et
897 3264 1230 3328 dimidium
1284 3265 1493 3328 socius
1537 3264 1633 3327 fui
1679 3264 2235 3328 extraordinarius

519 3370 832 3436 Omnibus
877 3373 978 3436 his
1024 3372 1183 3435 uiris
1230 3371 1613 3435 doctissimis
1658 3372 1954 3457 inprimis
2004 3368 2073 3433 Ο.
2120 3369 2470 3434 Ribbeckio
2526 3372 2684 3455 opti-

337 3497 440 3541 me
487 3479 565 3543 de
611 3479 839 3543 studiis
884 3481 1047 3543 meis
1092 3480 1336 3543 meritis
1381 3479 1499 3542 hac
1547 3480 2013 3563 opportunitate
2060 3480 2298 3562 gratiae
2344 3478 2685 3541 soluendae

340 3584 486 3647 data
537 3587 829 3669 gratiam,
888 3590 1191 3669 quantam
1246 3587 1601 3650 maximam
1660 3588 1912 3649 animus
1966 3604 2149 3649 meus
2196 3603 2417 3669 capere
2462 3589 2685 3667 potest,

340 3695 403 3755 et
447 3712 563 3776 ago
611 3699 674 3756 et
716 3693 960 3758 habebo
1008 3713 1256 3778 semper
1302 3696 1470 3758 sicut
1516 3696 1609 3757 eis
1657 3695 1818 3757 uiris
1864 3695 1935 3756 in
1980 3695 2314 3776 gymnasio
2352 3692 2685 3775 Heiligen-

339 3800 619 3863 stadensi
654 3801 1043 3885 uigentibUS,
1084 3802 1195 3884 qui
1231 3820 1445 3866 rerum
1480 3800 1859 3865 Graecarum
1899 3806 1962 3863 et
1997 3800 2426 3865 Romanarum
2460 3800 2684 3882 primis

340 3906 669 3971 elementis
714 3928 816 3972 me
861 3909 1246 3973 imbuerunt.
