<?xml version="1.0" encoding="UTF-8"?>
<!DOCTYPE html PUBLIC "-//W3C//DTD XHTML 1.0 Transitional//EN"
    "http://www.w3.org/TR/xhtml1/DTD/xhtml1-transitional.dtd">
<html xmlns="http://www.w3.org/1999/xhtml" xml:lang="en" lang="en">
 <head>
  <title>
</title>
<meta http-equiv="Content-Type" content="text/html;charset=utf-8" />
  <meta name='ocr-system' content='tesseract 3.04.00' />
  <meta name='ocr-capabilities' content='ocr_page ocr_carea ocr_par ocr_line ocrx_word'/>
</head>
<body>
  <div class='ocr_page' id='page_1' title='image "./deqremmiipalaem01marsgoog_0070.png"; bbox 0 0 3197 4992; ppageno 0'>
   <div class='ocr_carea' id='block_1_1' title="bbox 1552 372 1992 435">
    <p class='ocr_par' dir='ltr' id='par_1_1' title="bbox 1552 372 1992 435">
     <span class='ocr_line' id='line_1_1' title="bbox 1552 372 1992 435; baseline 0 -19"><span class='ocrx_word' id='word_1_1' title='bbox 1552 372 1992 435; x_wconf 70' lang='grc'><strong>-66-</strong></span> 
     </span>
    </p>
   </div>
   <div class='ocr_carea' id='block_1_2' title="bbox 569 547 2936 4270">
    <p class='ocr_par' dir='ltr' id='par_1_2' title="bbox 574 547 2935 3302">
     <span class='ocr_line' id='line_1_2' title="bbox 587 547 2921 632; baseline 0.002 -23"><span class='ocrx_word' id='word_1_2' title='bbox 587 548 1103 611; x_wconf 87' lang='lat' dir='ltr'>coniunctionem</span> <span class='ocrx_word' id='word_1_3' title='bbox 1149 547 1441 611; x_wconf 84' lang='lat' dir='ltr'>Remmio</span> <span class='ocrx_word' id='word_1_4' title='bbox 1498 547 1577 611; x_wconf 90' lang='lat' dir='ltr'>ab</span> <span class='ocrx_word' id='word_1_5' title='bbox 1636 567 1710 611; x_wconf 93' lang='lat' dir='ltr'>eo</span> <span class='ocrx_word' id='word_1_6' title='bbox 1758 548 2011 611; x_wconf 87' lang='lat' dir='ltr'>addicta</span> <span class='ocrx_word' id='word_1_7' title='bbox 2057 555 2234 629; x_wconf 91' lang='lat' dir='ltr'>sunt,</span> <span class='ocrx_word' id='word_1_8' title='bbox 2290 568 2647 627; x_wconf 81' lang='lat' dir='ltr'>recurram3</span> <span class='ocrx_word' id='word_1_9' title='bbox 2705 551 2760 612; x_wconf 93' lang='lat' dir='ltr'>si</span> <span class='ocrx_word' id='word_1_10' title='bbox 2807 569 2921 632; x_wconf 86' lang='lat' dir='ltr'>qua</span> 
     </span>
     <span class='ocr_line' id='line_1_3' title="bbox 588 654 2921 739; baseline 0 -21"><span class='ocrx_word' id='word_1_11' title='bbox 588 656 785 720; x_wconf 91' lang='lat' dir='ltr'>dubia</span> <span class='ocrx_word' id='word_1_12' title='bbox 840 657 1186 719; x_wconf 89' lang='lat' dir='ltr'>uideantur</span> <span class='ocrx_word' id='word_1_13' title='bbox 1244 674 1407 736; x_wconf 89' lang='lat' dir='ltr'>esse,</span> <span class='ocrx_word' id='word_1_14' title='bbox 1469 655 1834 718; x_wconf 85' lang='lat' dir='ltr'><strong>subsistam.</strong></span> <span class='ocrx_word' id='word_1_15' title='bbox 1928 654 2420 718; x_wconf 83' lang='lat' dir='ltr'>Schottmueller</span> <span class='ocrx_word' id='word_1_16' title='bbox 2477 663 2688 719; x_wconf 89' lang='lat' dir='ltr'>autem</span> <span class='ocrx_word' id='word_1_17' title='bbox 2743 677 2797 739; x_wconf 93' lang='lat' dir='ltr'>p.</span> <span class='ocrx_word' id='word_1_18' title='bbox 2846 659 2921 720; x_wconf 85' lang='lat'>10</span> 
     </span>
     <span class='ocr_line' id='line_1_4' title="bbox 586 762 2919 845; baseline 0 -20"><span class='ocrx_word' id='word_1_19' title='bbox 586 764 739 833; x_wconf 81' lang='lat' dir='ltr'>haec</span> <span class='ocrx_word' id='word_1_20' title='bbox 786 762 1158 826; x_wconf 80' lang='lat' dir='ltr'>Palaemoni</span> <span class='ocrx_word' id='word_1_21' title='bbox 1201 762 1455 825; x_wconf 80' lang='lat' dir='ltr'><strong>tribuit:</strong></span> <span class='ocrx_word' id='word_1_22' title='bbox 1514 782 1572 845; x_wconf 88' lang='lat' dir='ltr'>p.</span> <span class='ocrx_word' id='word_1_23' title='bbox 1632 765 1772 842; x_wconf 86' lang='grc'>168,</span> <span class='ocrx_word' id='word_1_24' title='bbox 1794 765 2138 843; x_wconf 77' lang='grc'>35-169,</span> <span class='ocrx_word' id='word_1_25' title='bbox 2160 765 2274 840; x_wconf 86' lang='grc'>34;</span> <span class='ocrx_word' id='word_1_26' title='bbox 2331 765 2919 844; x_wconf 84' lang='grc' dir='ltr'>170,1-17Ο,24;</span> 
     </span>
     <span class='ocr_line' id='line_1_5' title="bbox 590 870 2921 952; baseline -0 -20"><span class='ocrx_word' id='word_1_27' title='bbox 590 872 735 951; x_wconf 93' lang='grc'>170,</span> <span class='ocrx_word' id='word_1_28' title='bbox 759 874 839 934; x_wconf 87' lang='grc'>31</span> <span class='ocrx_word' id='word_1_29' title='bbox 866 909 949 916; x_wconf 81' lang='lat'>-—</span> <span class='ocrx_word' id='word_1_30' title='bbox 977 873 1262 952; x_wconf 88' lang='grc'>171,14;</span> <span class='ocrx_word' id='word_1_31' title='bbox 1316 872 1567 950; x_wconf 82' lang='lat'>171,36</span> <span class='ocrx_word' id='word_1_32' title='bbox 1592 907 1676 913; x_wconf 92' lang='lat'>-—</span> <span class='ocrx_word' id='word_1_33' title='bbox 1704 871 1983 950; x_wconf 83' lang='grc'>172,19;</span> <span class='ocrx_word' id='word_1_34' title='bbox 2041 872 2183 949; x_wconf 87' lang='grc'>172,</span> <span class='ocrx_word' id='word_1_35' title='bbox 2206 872 2290 933; x_wconf 88' lang='grc'>34</span> <span class='ocrx_word' id='word_1_36' title='bbox 2313 908 2395 915; x_wconf 85' lang='lat'>-—</span> <span class='ocrx_word' id='word_1_37' title='bbox 2426 873 2691 951; x_wconf 87' lang='grc'>173,12.</span> <span class='ocrx_word' id='word_1_38' title='bbox 2796 870 2921 931; x_wconf 90' lang='lat' dir='ltr'>Iam</span> 
     </span>
     <span class='ocr_line' id='line_1_6' title="bbox 586 978 2924 1060; baseline -0 -21"><span class='ocrx_word' id='word_1_39' title='bbox 586 996 730 1058; x_wconf 86' lang='lat' dir='ltr'>cur,</span> <span class='ocrx_word' id='word_1_40' title='bbox 792 997 957 1060; x_wconf 91' lang='lat' dir='ltr'>quae</span> <span class='ocrx_word' id='word_1_41' title='bbox 1012 998 1070 1060; x_wconf 88' lang='lat' dir='ltr'>p.</span> <span class='ocrx_word' id='word_1_42' title='bbox 1135 979 1278 1057; x_wconf 86' lang='lat'>169,</span> <span class='ocrx_word' id='word_1_43' title='bbox 1309 978 1618 1053; x_wconf 78' lang='lat'>35—393</span> <span class='ocrx_word' id='word_1_44' title='bbox 1684 979 1827 1057; x_wconf 83' lang='lat'>170,</span> <span class='ocrx_word' id='word_1_45' title='bbox 1858 978 2167 1055; x_wconf 79' lang='lat'>25—313</span> <span class='ocrx_word' id='word_1_46' title='bbox 2237 979 2726 1057; x_wconf 80' lang='lat'>171,15—35;</span> <span class='ocrx_word' id='word_1_47' title='bbox 2790 978 2924 1056; x_wconf 85' lang='grc'>172,</span> 
     </span>
     <span class='ocr_line' id='line_1_7' title="bbox 585 1081 2925 1165; baseline -0 -20"><span class='ocrx_word' id='word_1_48' title='bbox 585 1085 877 1162; x_wconf 79' lang='lat'>20—343</span> <span class='ocrx_word' id='word_1_49' title='bbox 927 1085 1353 1165; x_wconf 84' lang='lat'>173,13--19</span> <span class='ocrx_word' id='word_1_50' title='bbox 1392 1085 1534 1146; x_wconf 90' lang='lat' dir='ltr'>istis</span> <span class='ocrx_word' id='word_1_51' title='bbox 1571 1084 1947 1165; x_wconf 89' lang='lat' dir='ltr'>interposita</span> <span class='ocrx_word' id='word_1_52' title='bbox 1975 1089 2144 1163; x_wconf 85' lang='lat' dir='ltr'>sunt,</span> <span class='ocrx_word' id='word_1_53' title='bbox 2182 1081 2472 1146; x_wconf 89' lang='lat' dir='ltr'>Remmio</span> <span class='ocrx_word' id='word_1_54' title='bbox 2511 1082 2925 1165; x_wconf 83' lang='lat' dir='ltr'>abrogauerit,</span> 
     </span>
     <span class='ocr_line' id='line_1_8' title="bbox 586 1189 2923 1274; baseline -0.001 -22"><span class='ocrx_word' id='word_1_55' title='bbox 586 1210 813 1272; x_wconf 87' lang='lat' dir='ltr'>parum</span> <span class='ocrx_word' id='word_1_56' title='bbox 859 1192 1192 1274; x_wconf 90' lang='lat' dir='ltr'>perspicio.</span> <span class='ocrx_word' id='word_1_57' title='bbox 1289 1190 1554 1253; x_wconf 80' lang='lat' dir='ltr'>Censuit</span> <span class='ocrx_word' id='word_1_58' title='bbox 1602 1190 1702 1252; x_wconf 89' lang='lat' dir='ltr'>uir</span> <span class='ocrx_word' id='word_1_59' title='bbox 1751 1190 1977 1252; x_wconf 88' lang='lat' dir='ltr'>doctus</span> <span class='ocrx_word' id='word_1_60' title='bbox 2014 1189 2441 1251; x_wconf 88' lang='lat' dir='ltr'>indicatinum</span> <span class='ocrx_word' id='word_1_61' title='bbox 2479 1196 2541 1252; x_wconf 89' lang='lat' dir='ltr'>et</span> <span class='ocrx_word' id='word_1_62' title='bbox 2579 1191 2923 1252; x_wconf 88' lang='lat' dir='ltr'>coniuncti-</span> 
     </span>
     <span class='ocr_line' id='line_1_9' title="bbox 585 1288 2921 1379; baseline -0.001 -19"><span class='ocrx_word' id='word_1_63' title='bbox 585 1317 743 1359; x_wconf 91' lang='lat' dir='ltr'>uum</span> <span class='ocrx_word' id='word_1_64' title='bbox 789 1298 1016 1360; x_wconf 88' lang='lat' dir='ltr'>modos</span> <span class='ocrx_word' id='word_1_65' title='bbox 1062 1316 1196 1359; x_wconf 92' lang='lat' dir='ltr'>non</span> <span class='ocrx_word' id='word_1_66' title='bbox 1243 1298 1372 1359; x_wconf 90' lang='lat' dir='ltr'>nisi</span> <span class='ocrx_word' id='word_1_67' title='bbox 1414 1288 1810 1359; x_wconf 80' lang='lat' dir='ltr'>‘finitiuum&#39;</span> <span class='ocrx_word' id='word_1_68' title='bbox 1857 1300 1919 1358; x_wconf 91' lang='lat' dir='ltr'>et</span> <span class='ocrx_word' id='word_1_69' title='bbox 1960 1288 2521 1358; x_wconf 78' lang='lat' dir='ltr'>‘subiunctiuum&#39;</span> <span class='ocrx_word' id='word_1_70' title='bbox 2568 1301 2633 1359; x_wconf 89' lang='lat' dir='ltr'>et</span> <span class='ocrx_word' id='word_1_71' title='bbox 2673 1288 2921 1379; x_wconf 80' lang='lat' dir='ltr'>‘optati-</span> 
     </span>
     <span class='ocr_line' id='line_1_10' title="bbox 587 1394 2926 1487; baseline -0 -22"><span class='ocrx_word' id='word_1_72' title='bbox 587 1397 792 1484; x_wconf 81' lang='lat' dir='ltr'>uum&#39;,</span> <span class='ocrx_word' id='word_1_73' title='bbox 838 1423 1136 1486; x_wconf 80' lang='lat' dir='ltr'>praesens</span> <span class='ocrx_word' id='word_1_74' title='bbox 1182 1410 1438 1487; x_wconf 91' lang='lat' dir='ltr'>tempus</span> <span class='ocrx_word' id='word_1_75' title='bbox 1484 1423 1615 1465; x_wconf 90' lang='lat' dir='ltr'>non</span> <span class='ocrx_word' id='word_1_76' title='bbox 1653 1404 1781 1465; x_wconf 89' lang='lat' dir='ltr'>nisi</span> <span class='ocrx_word' id='word_1_77' title='bbox 1824 1394 2140 1464; x_wconf 78' lang='lat' dir='ltr'>‘instans’</span> <span class='ocrx_word' id='word_1_78' title='bbox 2187 1424 2225 1465; x_wconf 92' lang='lat' dir='ltr'>a</span> <span class='ocrx_word' id='word_1_79' title='bbox 2262 1403 2645 1466; x_wconf 84' lang='lat' dir='ltr'>Palaemone</span> <span class='ocrx_word' id='word_1_80' title='bbox 2705 1408 2926 1466; x_wconf 88' lang='lat' dir='ltr'>uocata</span> 
     </span>
     <span class='ocr_line' id='line_1_11' title="bbox 585 1508 2926 1594; baseline -0 -22"><span class='ocrx_word' id='word_1_81' title='bbox 585 1528 737 1572; x_wconf 90' lang='lat' dir='ltr'>esse.</span> <span class='ocrx_word' id='word_1_82' title='bbox 825 1509 1010 1585; x_wconf 80' lang='lat' dir='ltr'>Quod</span> <span class='ocrx_word' id='word_1_83' title='bbox 1051 1531 1242 1593; x_wconf 87' lang='lat' dir='ltr'>quam</span> <span class='ocrx_word' id='word_1_84' title='bbox 1290 1510 1525 1573; x_wconf 90' lang='lat' dir='ltr'>falsum</span> <span class='ocrx_word' id='word_1_85' title='bbox 1571 1517 1751 1591; x_wconf 86' lang='lat' dir='ltr'>esset,</span> <span class='ocrx_word' id='word_1_86' title='bbox 1800 1531 1990 1594; x_wconf 89' lang='lat' dir='ltr'>supra</span> <span class='ocrx_word' id='word_1_87' title='bbox 2036 1532 2093 1594; x_wconf 93' lang='lat' dir='ltr'>p.</span> <span class='ocrx_word' id='word_1_88' title='bbox 2134 1512 2214 1572; x_wconf 95' lang='grc'>21</span> <span class='ocrx_word' id='word_1_89' title='bbox 2260 1529 2350 1592; x_wconf 90' lang='lat' dir='ltr'>sq.</span> <span class='ocrx_word' id='word_1_90' title='bbox 2392 1510 2596 1573; x_wconf 91' lang='lat' dir='ltr'>docui.</span> <span class='ocrx_word' id='word_1_91' title='bbox 2674 1508 2926 1572; x_wconf 84' lang='lat' dir='ltr'>Constat</span> 
     </span>
     <span class='ocr_line' id='line_1_12' title="bbox 584 1609 2929 1699; baseline 0 -22"><span class='ocrx_word' id='word_1_92' title='bbox 584 1617 752 1679; x_wconf 91' lang='lat' dir='ltr'>enim</span> <span class='ocrx_word' id='word_1_93' title='bbox 800 1616 1277 1694; x_wconf 85' lang='lat' dir='ltr'>Palaemonem,</span> <span class='ocrx_word' id='word_1_94' title='bbox 1328 1619 1442 1699; x_wconf 90' lang='lat' dir='ltr'>qui</span> <span class='ocrx_word' id='word_1_95' title='bbox 1485 1610 1963 1699; x_wconf 79' lang='lat' dir='ltr'>‘incusatiuos&#39;,</span> <span class='ocrx_word' id='word_1_96' title='bbox 2008 1610 2490 1696; x_wconf 83' lang='lat' dir='ltr'>‘conlationes&#39;,</span> <span class='ocrx_word' id='word_1_97' title='bbox 2532 1609 2929 1699; x_wconf 80' lang='lat' dir='ltr'>‘qualitates&#39;</span> 
     </span>
     <span class='ocr_line' id='line_1_13' title="bbox 580 1714 2927 1808; baseline 0 -25"><span class='ocrx_word' id='word_1_98' title='bbox 580 1714 1068 1786; x_wconf 79' lang='lat' dir='ltr'>‘extremitates&#39;</span> <span class='ocrx_word' id='word_1_99' title='bbox 1130 1726 1256 1787; x_wconf 86' lang='lat' dir='ltr'>alia</span> <span class='ocrx_word' id='word_1_100' title='bbox 1311 1725 1511 1786; x_wconf 88' lang='lat' dir='ltr'>multa</span> <span class='ocrx_word' id='word_1_101' title='bbox 1558 1726 1890 1805; x_wconf 83' lang='lat' dir='ltr'>extulerit,</span> <span class='ocrx_word' id='word_1_102' title='bbox 1937 1745 2234 1808; x_wconf 83' lang='lat' dir='ltr'>magnam</span> <span class='ocrx_word' id='word_1_103' title='bbox 2282 1724 2691 1807; x_wconf 83' lang='lat' dir='ltr'>significandi</span> <span class='ocrx_word' id='word_1_104' title='bbox 2736 1724 2927 1787; x_wconf 89' lang='lat' dir='ltr'>licen-</span> 
     </span>
     <span class='ocr_line' id='line_1_14' title="bbox 583 1824 2934 1914; baseline 0 -23"><span class='ocrx_word' id='word_1_105' title='bbox 583 1830 737 1892; x_wconf 84' lang='lat' dir='ltr'>tiam</span> <span class='ocrx_word' id='word_1_106' title='bbox 787 1830 909 1893; x_wconf 90' lang='lat' dir='ltr'>sibi</span> <span class='ocrx_word' id='word_1_107' title='bbox 956 1833 1317 1913; x_wconf 88' lang='lat' dir='ltr'>sumpsisse.</span> <span class='ocrx_word' id='word_1_108' title='bbox 1389 1824 1657 1894; x_wconf 79' lang='lat' dir='ltr'>‘Velut&#39;</span> <span class='ocrx_word' id='word_1_109' title='bbox 1705 1840 1916 1895; x_wconf 83' lang='lat' dir='ltr'>autem</span> <span class='ocrx_word' id='word_1_110' title='bbox 1957 1833 2478 1895; x_wconf 87' lang='lat' dir='ltr'>coniunctionem</span> <span class='ocrx_word' id='word_1_111' title='bbox 2518 1851 2642 1893; x_wconf 92' lang='lat' dir='ltr'>non</span> <span class='ocrx_word' id='word_1_112' title='bbox 2684 1849 2934 1914; x_wconf 90' lang='lat' dir='ltr'>semper</span> 
     </span>
     <span class='ocr_line' id='line_1_15' title="bbox 582 1936 2931 2021; baseline 0 -23"><span class='ocrx_word' id='word_1_113' title='bbox 582 1938 854 2019; x_wconf 88' lang='lat' dir='ltr'>positam</span> <span class='ocrx_word' id='word_1_114' title='bbox 901 1956 1036 2000; x_wconf 88' lang='lat' dir='ltr'>esse</span> <span class='ocrx_word' id='word_1_115' title='bbox 1083 1959 1121 2000; x_wconf 88' lang='lat' dir='ltr'>a</span> <span class='ocrx_word' id='word_1_116' title='bbox 1166 1939 1575 2020; x_wconf 84' lang='lat' dir='ltr'>grammatico</span> <span class='ocrx_word' id='word_1_117' title='bbox 1625 1941 1778 2000; x_wconf 86' lang='lat' dir='ltr'>satis</span> <span class='ocrx_word' id='word_1_118' title='bbox 1824 1958 2203 2021; x_wconf 88' lang='lat' dir='ltr'>persuasum</span> <span class='ocrx_word' id='word_1_119' title='bbox 2250 1937 2576 2001; x_wconf 81' lang='lat' dir='ltr'>habemus,</span> <span class='ocrx_word' id='word_1_120' title='bbox 2667 1936 2798 1999; x_wconf 85' lang='lat' dir='ltr'>Pro</span> <span class='ocrx_word' id='word_1_121' title='bbox 2847 1937 2931 1999; x_wconf 87' lang='lat' dir='ltr'>dii</span> 
     </span>
     <span class='ocr_line' id='line_1_16' title="bbox 580 2043 2934 2129; baseline 0.001 -25"><span class='ocrx_word' id='word_1_122' title='bbox 580 2043 997 2127; x_wconf 81' lang='lat' dir='ltr'>immortaleS,</span> <span class='ocrx_word' id='word_1_123' title='bbox 1052 2047 1255 2108; x_wconf 91' lang='lat' dir='ltr'>ieiuni</span> <span class='ocrx_word' id='word_1_124' title='bbox 1313 2052 1525 2108; x_wconf 88' lang='lat' dir='ltr'>essent</span> <span class='ocrx_word' id='word_1_125' title='bbox 1568 2046 1967 2129; x_wconf 79' lang='lat' dir='ltr'>grammatici</span> <span class='ocrx_word' id='word_1_126' title='bbox 2013 2046 2200 2127; x_wconf 87' lang='lat' dir='ltr'>eique</span> <span class='ocrx_word' id='word_1_127' title='bbox 2261 2047 2449 2127; x_wconf 88' lang='lat' dir='ltr'>primi</span> <span class='ocrx_word' id='word_1_128' title='bbox 2496 2066 2551 2127; x_wconf 92' lang='lat' dir='ltr'>p.</span> <span class='ocrx_word' id='word_1_129' title='bbox 2603 2044 2745 2107; x_wconf 84' lang='lat' dir='ltr'>Chr.</span> <span class='ocrx_word' id='word_1_130' title='bbox 2800 2063 2934 2107; x_wconf 87' lang='lat' dir='ltr'>sae-</span> 
     </span>
     <span class='ocr_line' id='line_1_17' title="bbox 583 2150 2931 2234; baseline 0 -22"><span class='ocrx_word' id='word_1_131' title='bbox 583 2150 728 2225; x_wconf 87' lang='lat' dir='ltr'>culi,</span> <span class='ocrx_word' id='word_1_132' title='bbox 777 2151 888 2234; x_wconf 90' lang='lat' dir='ltr'>qui</span> <span class='ocrx_word' id='word_1_133' title='bbox 933 2155 998 2213; x_wconf 89' lang='lat' dir='ltr'>in</span> <span class='ocrx_word' id='word_1_134' title='bbox 1048 2158 1178 2215; x_wconf 87' lang='lat' dir='ltr'>tam</span> <span class='ocrx_word' id='word_1_135' title='bbox 1228 2157 1395 2215; x_wconf 89' lang='lat' dir='ltr'>artos</span> <span class='ocrx_word' id='word_1_136' title='bbox 1444 2153 1701 2215; x_wconf 89' lang='lat' dir='ltr'>dicendi</span> <span class='ocrx_word' id='word_1_137' title='bbox 1751 2172 1824 2215; x_wconf 90' lang='lat' dir='ltr'>ac</span> <span class='ocrx_word' id='word_1_138' title='bbox 1862 2151 2270 2234; x_wconf 81' lang='lat' dir='ltr'>significandi</span> <span class='ocrx_word' id='word_1_139' title='bbox 2315 2150 2478 2214; x_wconf 89' lang='lat' dir='ltr'>fines</span> <span class='ocrx_word' id='word_1_140' title='bbox 2525 2153 2725 2215; x_wconf 86' lang='lat' dir='ltr'>coacti</span> <span class='ocrx_word' id='word_1_141' title='bbox 2770 2152 2931 2213; x_wconf 82' lang='lat' dir='ltr'>fuis-</span> 
     </span>
     <span class='ocr_line' id='line_1_18' title="bbox 583 2256 2930 2342; baseline 0.001 -24"><span class='ocrx_word' id='word_1_142' title='bbox 583 2263 742 2321; x_wconf 89' lang='lat' dir='ltr'>sent.</span> <span class='ocrx_word' id='word_1_143' title='bbox 837 2256 1134 2322; x_wconf 84' lang='lat' dir='ltr'>Ceterum</span> <span class='ocrx_word' id='word_1_144' title='bbox 1180 2258 1670 2322; x_wconf 84' lang='lat' dir='ltr'>Schottmueller</span> <span class='ocrx_word' id='word_1_145' title='bbox 1715 2261 1850 2342; x_wconf 89' lang='lat' dir='ltr'>ipse</span> <span class='ocrx_word' id='word_1_146' title='bbox 1906 2260 2035 2321; x_wconf 88' lang='lat' dir='ltr'>nisi</span> <span class='ocrx_word' id='word_1_147' title='bbox 2080 2279 2314 2340; x_wconf 88' lang='lat' dir='ltr'>magna</span> <span class='ocrx_word' id='word_1_148' title='bbox 2361 2258 2737 2321; x_wconf 88' lang='lat' dir='ltr'>difficultate</span> <span class='ocrx_word' id='word_1_149' title='bbox 2789 2278 2930 2321; x_wconf 91' lang='lat' dir='ltr'>sen-</span> 
     </span>
     <span class='ocr_line' id='line_1_19' title="bbox 580 2364 2934 2448; baseline 0.002 -24"><span class='ocrx_word' id='word_1_150' title='bbox 580 2366 848 2426; x_wconf 88' lang='lat' dir='ltr'>tentiam</span> <span class='ocrx_word' id='word_1_151' title='bbox 918 2385 1099 2428; x_wconf 90' lang='lat' dir='ltr'>suam</span> <span class='ocrx_word' id='word_1_152' title='bbox 1167 2386 1296 2428; x_wconf 89' lang='lat' dir='ltr'>non</span> <span class='ocrx_word' id='word_1_153' title='bbox 1362 2367 1680 2429; x_wconf 85' lang='lat' dir='ltr'>sustinuit.</span> <span class='ocrx_word' id='word_1_154' title='bbox 1812 2365 1978 2448; x_wconf 83' lang='lat' dir='ltr'>Ergo</span> <span class='ocrx_word' id='word_1_155' title='bbox 2046 2367 2364 2429; x_wconf 86' lang='lat' dir='ltr'>accedunt</span> <span class='ocrx_word' id='word_1_156' title='bbox 2427 2364 2934 2448; x_wconf 82' lang='lat' dir='ltr'>significationes</span> 
     </span>
     <span class='ocr_line' id='line_1_20' title="bbox 578 2472 2931 2557; baseline 0.001 -25"><span class='ocrx_word' id='word_1_157' title='bbox 578 2472 761 2552; x_wconf 87' lang='lat' dir='ltr'>istae,</span> <span class='ocrx_word' id='word_1_158' title='bbox 824 2491 954 2535; x_wconf 88' lang='lat' dir='ltr'>non</span> <span class='ocrx_word' id='word_1_159' title='bbox 1003 2491 1115 2555; x_wconf 91' lang='lat' dir='ltr'>per</span> <span class='ocrx_word' id='word_1_160' title='bbox 1161 2491 1229 2535; x_wconf 91' lang='lat' dir='ltr'>se</span> <span class='ocrx_word' id='word_1_161' title='bbox 1287 2473 1509 2535; x_wconf 88' lang='lat' dir='ltr'>ualent</span> <span class='ocrx_word' id='word_1_162' title='bbox 1555 2478 1929 2555; x_wconf 85' lang='lat' dir='ltr'>argumenta</span> <span class='ocrx_word' id='word_1_163' title='bbox 1977 2473 2058 2535; x_wconf 90' lang='lat' dir='ltr'>ad</span> <span class='ocrx_word' id='word_1_164' title='bbox 2108 2473 2708 2554; x_wconf 83' lang='lat' dir='ltr'>demonstrandum,</span> <span class='ocrx_word' id='word_1_165' title='bbox 2774 2473 2931 2557; x_wconf 88' lang='lat' dir='ltr'>quid</span> 
     </span>
     <span class='ocr_line' id='line_1_21' title="bbox 579 2578 2934 2662; baseline 0.002 -23"><span class='ocrx_word' id='word_1_166' title='bbox 579 2580 686 2640; x_wconf 88' lang='grc'>0111</span> <span class='ocrx_word' id='word_1_167' title='bbox 734 2578 1054 2642; x_wconf 84' lang='lat' dir='ltr'>debeatur.</span> <span class='ocrx_word' id='word_1_168' title='bbox 1147 2579 1252 2641; x_wconf 81' lang='lat' dir='ltr'>Ex</span> <span class='ocrx_word' id='word_1_169' title='bbox 1296 2579 1626 2662; x_wconf 83' lang='lat' dir='ltr'>particulis</span> <span class='ocrx_word' id='word_1_170' title='bbox 1673 2585 1884 2642; x_wconf 90' lang='lat' dir='ltr'>autem</span> <span class='ocrx_word' id='word_1_171' title='bbox 1929 2582 2084 2660; x_wconf 90' lang='lat' dir='ltr'>illis,</span> <span class='ocrx_word' id='word_1_172' title='bbox 2142 2585 2213 2642; x_wconf 92' lang='lat' dir='ltr'>ut</span> <span class='ocrx_word' id='word_1_173' title='bbox 2260 2580 2341 2642; x_wconf 91' lang='lat' dir='ltr'>ad</span> <span class='ocrx_word' id='word_1_174' title='bbox 2389 2599 2490 2661; x_wconf 91' lang='lat' dir='ltr'>ea,</span> <span class='ocrx_word' id='word_1_175' title='bbox 2541 2600 2705 2662; x_wconf 87' lang='lat' dir='ltr'>quae</span> <span class='ocrx_word' id='word_1_176' title='bbox 2751 2582 2934 2643; x_wconf 88' lang='lat' dir='ltr'>insti-</span> 
     </span>
     <span class='ocr_line' id='line_1_22' title="bbox 578 2685 2930 2770; baseline 0.001 -23"><span class='ocrx_word' id='word_1_177' title='bbox 578 2687 701 2766; x_wconf 91' lang='lat' dir='ltr'>tui,</span> <span class='ocrx_word' id='word_1_178' title='bbox 749 2692 1054 2768; x_wconf 86' lang='lat' dir='ltr'>reuertar,</span> <span class='ocrx_word' id='word_1_179' title='bbox 1104 2706 1263 2768; x_wconf 87' lang='lat' dir='ltr'>quas</span> <span class='ocrx_word' id='word_1_180' title='bbox 1310 2685 1798 2749; x_wconf 86' lang='lat' dir='ltr'>Schottmueller</span> <span class='ocrx_word' id='word_1_181' title='bbox 1843 2689 2119 2770; x_wconf 78' lang='lat' dir='ltr'>excepit,</span> <span class='ocrx_word' id='word_1_182' title='bbox 2167 2707 2421 2749; x_wconf 89' lang='lat' dir='ltr'>summa</span> <span class='ocrx_word' id='word_1_183' title='bbox 2467 2706 2715 2767; x_wconf 87' lang='lat' dir='ltr'>eornm,</span> <span class='ocrx_word' id='word_1_184' title='bbox 2766 2706 2930 2769; x_wconf 87' lang='lat' dir='ltr'>quae</span> 
     </span>
     <span class='ocr_line' id='line_1_23' title="bbox 576 2792 2932 2877; baseline 0 -23"><span class='ocrx_word' id='word_1_185' title='bbox 576 2795 647 2854; x_wconf 88' lang='lat' dir='ltr'>in</span> <span class='ocrx_word' id='word_1_186' title='bbox 695 2792 1135 2876; x_wconf 89' lang='lat' dir='ltr'>superioribus</span> <span class='ocrx_word' id='word_1_187' title='bbox 1181 2792 1470 2875; x_wconf 87' lang='lat' dir='ltr'>partibus</span> <span class='ocrx_word' id='word_1_188' title='bbox 1519 2794 1864 2876; x_wconf 83' lang='lat' dir='ltr'>explanata</span> <span class='ocrx_word' id='word_1_189' title='bbox 1902 2801 2067 2865; x_wconf 79' lang='lat' dir='ltr'>sunt,</span> <span class='ocrx_word' id='word_1_190' title='bbox 2116 2794 2356 2857; x_wconf 89' lang='lat' dir='ltr'>eisdem</span> <span class='ocrx_word' id='word_1_191' title='bbox 2395 2794 2711 2876; x_wconf 85' lang='lat' dir='ltr'>exemplis</span> <span class='ocrx_word' id='word_1_192' title='bbox 2750 2812 2932 2877; x_wconf 88' lang='lat' dir='ltr'>repe-</span> 
     </span>
     <span class='ocr_line' id='line_1_24' title="bbox 579 2899 2929 2982; baseline 0 -21"><span class='ocrx_word' id='word_1_193' title='bbox 579 2902 716 2963; x_wconf 90' lang='lat' dir='ltr'>titis</span> <span class='ocrx_word' id='word_1_194' title='bbox 782 2899 1166 2962; x_wconf 88' lang='lat' dir='ltr'>subducitur</span> <span class='ocrx_word' id='word_1_195' title='bbox 1231 2906 1538 2982; x_wconf 89' lang='lat' dir='ltr'>artusque</span> <span class='ocrx_word' id='word_1_196' title='bbox 1606 2919 1892 2963; x_wconf 84' lang='lat' dir='ltr'>conexus</span> <span class='ocrx_word' id='word_1_197' title='bbox 1958 2900 2246 2964; x_wconf 87' lang='lat' dir='ltr'>efficitur.</span> <span class='ocrx_word' id='word_1_198' title='bbox 2367 2899 2645 2963; x_wconf 88' lang='lat' dir='ltr'>Eaedem</span> <span class='ocrx_word' id='word_1_199' title='bbox 2712 2906 2929 2963; x_wconf 90' lang='lat' dir='ltr'>autem</span> 
     </span>
     <span class='ocr_line' id='line_1_25' title="bbox 580 3006 2932 3091; baseline 0 -23"><span class='ocrx_word' id='word_1_200' title='bbox 580 3006 918 3069; x_wconf 89' lang='lat' dir='ltr'>modorum</span> <span class='ocrx_word' id='word_1_201' title='bbox 967 3011 1029 3069; x_wconf 88' lang='lat' dir='ltr'>et</span> <span class='ocrx_word' id='word_1_202' title='bbox 1074 3012 1432 3088; x_wconf 89' lang='lat' dir='ltr'>temporum</span> <span class='ocrx_word' id='word_1_203' title='bbox 1490 3006 1987 3090; x_wconf 86' lang='lat' dir='ltr'>significationes</span> <span class='ocrx_word' id='word_1_204' title='bbox 2046 3007 2447 3071; x_wconf 87' lang='lat' dir='ltr'>adhibentur.</span> <span class='ocrx_word' id='word_1_205' title='bbox 2542 3006 2741 3070; x_wconf 89' lang='lat' dir='ltr'>Porro</span> <span class='ocrx_word' id='word_1_206' title='bbox 2789 3010 2932 3091; x_wconf 88' lang='lat' dir='ltr'>ipsa</span> 
     </span>
     <span class='ocr_line' id='line_1_26' title="bbox 577 3111 2935 3197; baseline 0 -22"><span class='ocrx_word' id='word_1_207' title='bbox 577 3111 776 3175; x_wconf 87' lang='lat' dir='ltr'>uerba</span> <span class='ocrx_word' id='word_1_208' title='bbox 823 3113 1272 3177; x_wconf 89' lang='lat' dir='ltr'>Palaemonem</span> <span class='ocrx_word' id='word_1_209' title='bbox 1321 3120 1646 3177; x_wconf 89' lang='lat' dir='ltr'>auctorem</span> <span class='ocrx_word' id='word_1_210' title='bbox 1699 3115 1990 3177; x_wconf 89' lang='lat' dir='ltr'>clamant.</span> <span class='ocrx_word' id='word_1_211' title='bbox 2084 3115 2313 3197; x_wconf 87' lang='lat' dir='ltr'>Itaque</span> <span class='ocrx_word' id='word_1_212' title='bbox 2371 3119 2443 3176; x_wconf 92' lang='lat' dir='ltr'>ut</span> <span class='ocrx_word' id='word_1_213' title='bbox 2500 3116 2690 3178; x_wconf 87' lang='lat' dir='ltr'>etiam</span> <span class='ocrx_word' id='word_1_214' title='bbox 2741 3115 2935 3178; x_wconf 86' lang='lat' dir='ltr'>hasce</span> 
     </span>
     <span class='ocr_line' id='line_1_27' title="bbox 574 3219 2006 3302; baseline 0.001 -21"><span class='ocrx_word' id='word_1_215' title='bbox 574 3226 783 3302; x_wconf 88' lang='lat' dir='ltr'>partes</span> <span class='ocrx_word' id='word_1_216' title='bbox 829 3219 1119 3285; x_wconf 85' lang='lat' dir='ltr'>Remmio</span> <span class='ocrx_word' id='word_1_217' title='bbox 1168 3220 1510 3302; x_wconf 82' lang='lat' dir='ltr'>adscribaS,</span> <span class='ocrx_word' id='word_1_218' title='bbox 1557 3222 1716 3283; x_wconf 89' lang='lat' dir='ltr'>ratio</span> <span class='ocrx_word' id='word_1_219' title='bbox 1766 3221 2006 3284; x_wconf 86' lang='lat' dir='ltr'>suadet.</span> 
     </span>
    </p>

    <p class='ocr_par' dir='ltr' id='par_1_3' title="bbox 569 3327 2936 4270">
     <span class='ocr_line' id='line_1_28' title="bbox 753 3327 2936 3411; baseline -0.001 -21"><span class='ocrx_word' id='word_1_220' title='bbox 753 3327 891 3390; x_wconf 89' lang='lat' dir='ltr'>Iam</span> <span class='ocrx_word' id='word_1_221' title='bbox 941 3347 1040 3410; x_wconf 88' lang='lat' dir='ltr'>ea,</span> <span class='ocrx_word' id='word_1_222' title='bbox 1108 3348 1272 3411; x_wconf 88' lang='lat' dir='ltr'>quae</span> <span class='ocrx_word' id='word_1_223' title='bbox 1337 3350 1392 3411; x_wconf 89' lang='lat' dir='ltr'>p.</span> <span class='ocrx_word' id='word_1_224' title='bbox 1448 3331 1591 3409; x_wconf 83' lang='lat'>173,</span> <span class='ocrx_word' id='word_1_225' title='bbox 1617 3330 1701 3391; x_wconf 89' lang='grc'>20</span> <span class='ocrx_word' id='word_1_226' title='bbox 1724 3331 2085 3410; x_wconf 80' lang='lat'>--175,27</span> <span class='ocrx_word' id='word_1_227' title='bbox 2154 3334 2434 3409; x_wconf 84' lang='lat' dir='ltr'>exstant,</span> <span class='ocrx_word' id='word_1_228' title='bbox 2498 3348 2651 3411; x_wconf 88' lang='lat' dir='ltr'>prae</span> <span class='ocrx_word' id='word_1_229' title='bbox 2699 3328 2936 3392; x_wconf 89' lang='lat' dir='ltr'>ceteris</span> 
     </span>
     <span class='ocr_line' id='line_1_29' title="bbox 576 3432 2931 3520; baseline 0 -23"><span class='ocrx_word' id='word_1_230' title='bbox 576 3432 946 3497; x_wconf 86' lang='lat' dir='ltr'>Palaemoni</span> <span class='ocrx_word' id='word_1_231' title='bbox 993 3435 1388 3497; x_wconf 88' lang='lat' dir='ltr'>uindicanda</span> <span class='ocrx_word' id='word_1_232' title='bbox 1426 3441 1592 3497; x_wconf 86' lang='lat' dir='ltr'>sunt.</span> <span class='ocrx_word' id='word_1_233' title='bbox 1676 3435 1842 3498; x_wconf 90' lang='lat' dir='ltr'>Nam</span> <span class='ocrx_word' id='word_1_234' title='bbox 1881 3438 2015 3520; x_wconf 87' lang='lat' dir='ltr'>ipse</span> <span class='ocrx_word' id='word_1_235' title='bbox 2060 3437 2216 3499; x_wconf 89' lang='lat' dir='ltr'>haec</span> <span class='ocrx_word' id='word_1_236' title='bbox 2259 3436 2500 3499; x_wconf 90' lang='lat' dir='ltr'>indicat</span> <span class='ocrx_word' id='word_1_237' title='bbox 2536 3455 2593 3519; x_wconf 92' lang='lat' dir='ltr'>p.</span> <span class='ocrx_word' id='word_1_238' title='bbox 2640 3439 2786 3519; x_wconf 88' lang='lat'>173,</span> <span class='ocrx_word' id='word_1_239' title='bbox 2813 3440 2931 3499; x_wconf 86' lang='lat'>14:</span> 
     </span>
     <span class='ocr_line' id='line_1_30' title="bbox 570 3533 2934 3625; baseline 0.001 -23"><span class='ocrx_word' id='word_1_240' title='bbox 570 3533 686 3602; x_wconf 80' lang='lat' dir='ltr'>‘In</span> <span class='ocrx_word' id='word_1_241' title='bbox 734 3542 960 3604; x_wconf 86' lang='lat' dir='ltr'>ceteris</span> <span class='ocrx_word' id='word_1_242' title='bbox 1009 3541 1306 3603; x_wconf 88' lang='lat' dir='ltr'>omnibus</span> <span class='ocrx_word' id='word_1_243' title='bbox 1368 3537 1634 3623; x_wconf 79' lang='lat' dir='ltr'>uerbis³,</span> <span class='ocrx_word' id='word_1_244' title='bbox 1689 3545 1924 3625; x_wconf 88' lang='lat' dir='ltr'>inquit,</span> <span class='ocrx_word' id='word_1_245' title='bbox 1968 3536 2228 3606; x_wconf 79' lang='lat' dir='ltr'>‘eadem</span> <span class='ocrx_word' id='word_1_246' title='bbox 2274 3543 2500 3624; x_wconf 85' lang='lat' dir='ltr'>regula</span> <span class='ocrx_word' id='word_1_247' title='bbox 2546 3550 2666 3624; x_wconf 87' lang='lat' dir='ltr'>est,</span> <span class='ocrx_word' id='word_1_248' title='bbox 2714 3562 2797 3606; x_wconf 90' lang='lat' dir='ltr'>ne</span> <span class='ocrx_word' id='word_1_249' title='bbox 2848 3545 2934 3606; x_wconf 89' lang='lat' dir='ltr'>sit</span> 
     </span>
     <span class='ocr_line' id='line_1_31' title="bbox 575 3646 2933 3733; baseline 0 -24"><span class='ocrx_word' id='word_1_250' title='bbox 575 3667 735 3730; x_wconf 87' lang='lat' dir='ltr'>opus</span> <span class='ocrx_word' id='word_1_251' title='bbox 763 3646 1060 3729; x_wconf 87' lang='lat' dir='ltr'>pluribus</span> <span class='ocrx_word' id='word_1_252' title='bbox 1098 3649 1350 3729; x_wconf 89' lang='lat' dir='ltr'>instrui,</span> <span class='ocrx_word' id='word_1_253' title='bbox 1382 3649 1553 3730; x_wconf 90' lang='lat' dir='ltr'>quod</span> <span class='ocrx_word' id='word_1_254' title='bbox 1583 3651 1738 3712; x_wconf 89' lang='lat' dir='ltr'>satis</span> <span class='ocrx_word' id='word_1_255' title='bbox 1769 3668 1851 3711; x_wconf 76' lang='lat' dir='ltr'>ex</span> <span class='ocrx_word' id='word_1_256' title='bbox 1881 3652 2006 3712; x_wconf 88' lang='lat' dir='ltr'>ista</span> <span class='ocrx_word' id='word_1_257' title='bbox 2035 3651 2457 3713; x_wconf 89' lang='lat' dir='ltr'>declinatione</span> <span class='ocrx_word' id='word_1_258' title='bbox 2487 3656 2933 3733; x_wconf 82' lang='lat' dir='ltr'>cognoscetur.</span> 
     </span>
     <span class='ocr_line' id='line_1_32' title="bbox 575 3751 2929 3839; baseline 0.002 -25"><span class='ocrx_word' id='word_1_259' title='bbox 575 3751 700 3815; x_wconf 85' lang='lat' dir='ltr'>Sed</span> <span class='ocrx_word' id='word_1_260' title='bbox 757 3760 965 3816; x_wconf 88' lang='lat' dir='ltr'>tamen</span> <span class='ocrx_word' id='word_1_261' title='bbox 1026 3756 1336 3837; x_wconf 89' lang='lat' dir='ltr'>quaedam</span> <span class='ocrx_word' id='word_1_262' title='bbox 1400 3756 1479 3818; x_wconf 92' lang='lat' dir='ltr'>de</span> <span class='ocrx_word' id='word_1_263' title='bbox 1546 3756 1935 3819; x_wconf 86' lang='lat' dir='ltr'>differentiae</span> <span class='ocrx_word' id='word_1_264' title='bbox 1999 3757 2442 3820; x_wconf 88' lang='lat' dir='ltr'>obseruatione</span> <span class='ocrx_word' id='word_1_265' title='bbox 2508 3757 2929 3839; x_wconf 77' lang='lat' dir='ltr'>conlegimus</span> 
     </span>
     <span class='ocr_line' id='line_1_33' title="bbox 573 3858 2934 3945; baseline 0.002 -24"><span class='ocrx_word' id='word_1_266' title='bbox 573 3858 1002 3941; x_wconf 81' lang='lat' dir='ltr'>Respeximus</span> <span class='ocrx_word' id='word_1_267' title='bbox 1042 3862 1238 3924; x_wconf 88' lang='lat' dir='ltr'>simul</span> <span class='ocrx_word' id='word_1_268' title='bbox 1295 3864 1611 3945; x_wconf 91' lang='lat' dir='ltr'>cuiusque</span> <span class='ocrx_word' id='word_1_269' title='bbox 1670 3864 2114 3928; x_wconf 89' lang='lat' dir='ltr'>declinationis</span> <span class='ocrx_word' id='word_1_270' title='bbox 2174 3865 2277 3928; x_wconf 89' lang='lat' dir='ltr'>uel</span> <span class='ocrx_word' id='word_1_271' title='bbox 2334 3864 2575 3927; x_wconf 87' lang='lat' dir='ltr'>ordinis</span> <span class='ocrx_word' id='word_1_272' title='bbox 2630 3862 2934 3942; x_wconf 85' lang='lat' dir='ltr'>uerbum,</span> 
     </span>
     <span class='ocr_line' id='line_1_34' title="bbox 576 3966 2932 4054; baseline 0.002 -27"><span class='ocrx_word' id='word_1_273' title='bbox 576 3966 814 4048; x_wconf 89' lang='lat' dir='ltr'>quibus</span> <span class='ocrx_word' id='word_1_274' title='bbox 860 3967 1065 4031; x_wconf 90' lang='lat' dir='ltr'>modis</span> <span class='ocrx_word' id='word_1_275' title='bbox 1125 3969 1494 4052; x_wconf 87' lang='lat' dir='ltr'>quibusque</span> <span class='ocrx_word' id='word_1_276' title='bbox 1542 3972 1935 4054; x_wconf 88' lang='lat' dir='ltr'>temporibus</span> <span class='ocrx_word' id='word_1_277' title='bbox 1994 3977 2056 4034; x_wconf 93' lang='lat' dir='ltr'>et</span> <span class='ocrx_word' id='word_1_278' title='bbox 2103 3972 2323 4053; x_wconf 89' lang='lat' dir='ltr'>quales</span> <span class='ocrx_word' id='word_1_279' title='bbox 2370 3970 2713 4034; x_wconf 85' lang='lat' dir='ltr'>breuitates</span> <span class='ocrx_word' id='word_1_280' title='bbox 2757 3971 2932 4033; x_wconf 89' lang='lat' dir='ltr'>reci-</span> 
     </span>
     <span class='ocr_line' id='line_1_35' title="bbox 571 4073 2936 4161; baseline 0.001 -25"><span class='ocrx_word' id='word_1_281' title='bbox 571 4075 751 4157; x_wconf 87' lang='lat' dir='ltr'>piant</span> <span class='ocrx_word' id='word_1_282' title='bbox 778 4076 963 4138; x_wconf 82' lang='lat' dir='ltr'>iuxta</span> <span class='ocrx_word' id='word_1_283' title='bbox 993 4076 1076 4159; x_wconf 72' lang='lat' dir='ltr'>(P)</span> <span class='ocrx_word' id='word_1_284' title='bbox 1106 4082 1356 4140; x_wconf 88' lang='lat' dir='ltr'>ueteres</span> <span class='ocrx_word' id='word_1_285' title='bbox 1386 4073 1724 4143; x_wconf 87' lang='lat' dir='ltr'>auctores’.</span> <span class='ocrx_word' id='word_1_286' title='bbox 1766 4117 1849 4124; x_wconf 86' lang='lat'>-—-</span> <span class='ocrx_word' id='word_1_287' title='bbox 1891 4078 2067 4153; x_wconf 81' lang='lat' dir='ltr'>Quae</span> <span class='ocrx_word' id='word_1_288' title='bbox 2103 4082 2176 4141; x_wconf 89' lang='lat' dir='ltr'>in</span> <span class='ocrx_word' id='word_1_289' title='bbox 2214 4081 2324 4161; x_wconf 84' lang='lat' dir='ltr'>eiS,</span> <span class='ocrx_word' id='word_1_290' title='bbox 2365 4098 2525 4161; x_wconf 89' lang='lat' dir='ltr'>quae</span> <span class='ocrx_word' id='word_1_291' title='bbox 2564 4082 2936 4160; x_wconf 86' lang='lat' dir='ltr'>sequuntur</span> 
     </span>
     <span class='ocr_line' id='line_1_36' title="bbox 569 4181 2844 4270; baseline 0.002 -26"><span class='ocrx_word' id='word_1_292' title='bbox 569 4184 676 4265; x_wconf 87' lang='lat' dir='ltr'>ita,</span> <span class='ocrx_word' id='word_1_293' title='bbox 724 4189 796 4246; x_wconf 92' lang='lat' dir='ltr'>ut</span> <span class='ocrx_word' id='word_1_294' title='bbox 841 4187 1229 4270; x_wconf 85' lang='lat' dir='ltr'>promissum</span> <span class='ocrx_word' id='word_1_295' title='bbox 1277 4181 1388 4267; x_wconf 86' lang='lat' dir='ltr'>est,</span> <span class='ocrx_word' id='word_1_296' title='bbox 1434 4185 1872 4269; x_wconf 87' lang='lat' dir='ltr'>perficiuntur.</span> <span class='ocrx_word' id='word_1_297' title='bbox 1935 4185 2178 4249; x_wconf 50' lang='lat' dir='ltr'>*Dictio</span> <span class='ocrx_word' id='word_1_298' title='bbox 2227 4185 2629 4249; x_wconf 88' lang='lat' dir='ltr'>Palaemonis</span> <span class='ocrx_word' id='word_1_299' title='bbox 2676 4185 2844 4265; x_wconf 83' lang='lat' dir='ltr'>est.¹)</span> 
     </span>
    </p>
   </div>
   <div class='ocr_carea' id='block_1_3' title="bbox 568 4337 995 4347">
    <p class='ocr_par' dir='ltr' id='par_1_4' title="bbox 568 4337 995 4347">
     <span class='ocr_line' id='line_1_37' title="bbox 568 4337 995 4347; baseline 0 0"><span class='ocrx_word' id='word_1_300' title='bbox 568 4337 995 4347; x_wconf 95' lang='lat' dir='ltr'> </span> 
     </span>
    </p>
   </div>
   <div class='ocr_carea' id='block_1_4' title="bbox 755 4413 2736 4484">
    <p class='ocr_par' dir='ltr' id='par_1_5' title="bbox 755 4413 2736 4484">
     <span class='ocr_line' id='line_1_38' title="bbox 755 4413 2736 4484; baseline -0.002 -15"><span class='ocrx_word' id='word_1_301' title='bbox 755 4414 793 4483; x_wconf 82' lang='lat'>¹)</span> <span class='ocrx_word' id='word_1_302' title='bbox 816 4413 883 4481; x_wconf 69' lang='lat' dir='ltr'>&#39;p.</span> <span class='ocrx_word' id='word_1_303' title='bbox 927 4418 1044 4482; x_wconf 82' lang='lat'>175,</span> <span class='ocrx_word' id='word_1_304' title='bbox 1088 4418 1151 4467; x_wconf 89' lang='grc'>14</span> <span class='ocrx_word' id='word_1_305' title='bbox 1191 4415 1365 4467; x_wconf 89' lang='lat' dir='ltr'>denuo</span> <span class='ocrx_word' id='word_1_306' title='bbox 1403 4415 1547 4468; x_wconf 88' lang='lat' dir='ltr'>Velii</span> <span class='ocrx_word' id='word_1_307' title='bbox 1583 4415 1754 4484; x_wconf 87' lang='lat' dir='ltr'>Longi</span> <span class='ocrx_word' id='word_1_308' title='bbox 1790 4432 1984 4469; x_wconf 86' lang='lat' dir='ltr'>nomen</span> <span class='ocrx_word' id='word_1_309' title='bbox 2021 4416 2251 4469; x_wconf 83' lang='lat' dir='ltr'>absurde</span> <span class='ocrx_word' id='word_1_310' title='bbox 2290 4415 2606 4482; x_wconf 85' lang='lat' dir='ltr'>adspersum</span> <span class='ocrx_word' id='word_1_311' title='bbox 2643 4414 2736 4466; x_wconf 85' lang='lat' dir='ltr'>est.</span> 
     </span>
    </p>
   </div>
  </div>
 </body>
</html>
