3197 4992
1549 264 1989 327 -28—

584 440 707 522 plis
764 441 843 503 ab
888 441 1027 522 ipso
1084 440 1247 503 fictis
1292 441 1684 504 inlustratur.
1779 440 2154 523 Sequuntur
2197 443 2345 505 inde
2391 464 2428 505 a
2481 463 2537 526 p.
2587 445 2932 520 226,11--

586 549 736 629 229,
757 549 798 610 2
855 547 1336 612 coniunctiones
1384 547 1619 629 quibus
1668 548 2082 630 qualitatibus
2137 549 2275 612 siue
2319 551 2523 612 modis
2568 551 2934 633 iungantur,

587 654 841 717 dicendi
887 656 1067 735 ratio⁷
1117 673 1281 736 quae
1328 655 1637 737 exemplis
1685 655 1763 717 ab
1812 655 2068 738 optimis
2115 656 2527 738 scriptoribus
2572 657 2787 739 petitis
2827 656 2933 718 fir-

584 767 809 825 matur.
913 760 1200 837 Quorum
1262 761 1461 824 uerba
1525 761 2099 825 circumscribendo
2165 782 2240 824 ac
2304 763 2680 826 declarando
2741 782 2937 846 expe-

585 868 868 932 diuntur.
954 867 1206 944 Quibus
1243 868 1660 931 subiunctum
1706 868 1905 932 fuisse
1953 869 2212 934 dicendi
2248 889 2440 933 usum
2485 870 2552 931 in
2600 870 2938 952 scriptores

584 977 712 1040 late
749 981 1087 1059 patentem,
1135 995 1173 1036 a
1212 973 1517 1055 CharisiO,
1565 976 1678 1056 qui
1717 976 1800 1038 ad
1835 975 2111 1040 Romani
2149 977 2509 1041 breuiorem
2548 982 2938 1039 commenta-

584 1084 755 1146 rium
791 1090 1100 1166 pergeret7
1140 1100 1526 1164 oppressum,
1573 1081 1725 1145 inde
1772 1082 2019 1164 discito,
2070 1085 2240 1167 quod
2276 1105 2335 1168 p.
2380 1085 2524 1164 189,
2546 1084 2939 1165 25-190,4

586 1189 1065 1269 aduerbiorum,
1125 1187 1444 1270 quomodo
1493 1188 1662 1270 apud
1710 1191 2050 1272 scriptores
2094 1193 2165 1253 in
2211 1211 2404 1254 usum
2448 1191 2777 1271 uenirent7
2826 1190 2942 1254 do-

587 1298 829 1359 ctrinae
908 1295 1255 1358 frus-tulum
1321 1313 1356 1357 e
1419 1292 1828 1358 Palaemonis
1912 1296 2077 1359 libro
2153 1319 2191 1361 a
2256 1297 2542 1361 Charisio
2607 1304 2938 1382 receptum

586 1409 1043 1484 seruatumque
1091 1406 1202 1464 est.
1293 1400 1348 1463 E
1395 1399 1807 1466 Palaemonis
1863 1405 2041 1468 enim
2096 1403 2481 1487 disponendi
2529 1411 2690 1485 arte,
2740 1426 2938 1487 quam

585 1528 899 1572 summam
946 1526 1082 1571 8888
1118 1512 1335 1590 postea
1373 1527 1708 1591 exsequar,
1758 1511 2210 1574 coniciendum
2248 1516 2343 1574 est
2377 1512 2687 1594 loquendi
2723 1512 2941 1595 usum,

589 1616 799 1698 qualis
861 1614 1031 1699 apud
1090 1616 1430 1698 scriptores
1490 1615 1680 1699 plane
1738 1617 2097 1699 inuenitur,
2157 1619 2392 1680 rationi
2439 1618 2714 1700 dicendi,
2772 1637 2940 1702 quae

586 1729 682 1787 est
728 1723 806 1786 de
854 1721 1444 1803 coniunctionibuS,
1507 1722 1800 1785 additum
1861 1723 2059 1787 fuisse
2106 1725 2304 1787 simili
2349 1725 2565 1806 modo,
2628 1730 2819 1808 atque
2861 1728 2938 1789 in

585 1829 1037 1893 aduerbiorum
1081 1828 1196 1891 illa
1240 1828 1557 1910 particula
1605 1829 2131 1912 deprehendatur.
2218 1830 2519 1896 Ceterum
2557 1850 2640 1895 ne
2678 1851 2753 1895 ea
2792 1835 2940 1914 qui-

586 1937 760 2018 dem,
819 1954 980 2018 quae
1029 1933 1356 1998 Charisius
1401 1955 1458 2018 p.
1508 1937 1657 2017 225,
1680 1939 1963 2019 5-229,
1985 1941 2025 2001 2
2072 1939 2358 2021 praebet,
2413 1939 2668 2021 plenam
2725 1958 2939 2022 usque

583 2042 990 2107 Palaemonis
1039 2044 1398 2107 doctrinam
1444 2041 1748 2107 efficiunt.
1825 2041 2009 2118 Quod
2053 2045 2240 2108 facile
2286 2045 2637 2128 intelleges⁷
2684 2046 2740 2107 si
2785 2062 2939 2108 con-⁴

584 2152 990 2215 iunctionum
1038 2169 1405 2231 numerum,
1455 2151 1567 2232 qui
1613 2154 1856 2233 prostat
1898 2170 1954 2233 p.
2004 2152 2153 2233 225,
2191 2153 2533 2231 16-226,
2566 2153 2625 2231 9,
2684 2170 2938 2234 compa-

584 2259 828 2321 raueris
867 2277 1014 2321 cum
1062 2259 1171 2338 818,
1212 2276 1375 2340 quae
1421 2261 1797 2340 sequuntur.
1870 2256 2167 2341 Namque
2204 2277 2338 2321 non
2375 2260 2504 2321 nisi
2543 2258 2622 2321 de
2669 2259 2939 2321 minima

585 2384 806 2428 earum
850 2370 1058 2449 parte,
1120 2363 1660 2447 quemadmodum
1716 2384 1833 2448 pro
1894 2366 2143 2428 ratione
2207 2365 2467 2428 dicendi
2515 2364 2937 2448 qualitatibus

583 2473 1034 2555 iungerentur,v
1078 2473 1444 2555 expositum
1518 2475 1647 2549 est3
1725 2471 1957 2535 deinde
2035 2472 2348 2555 quaedam
2427 2473 2936 2554 coniunctioneS,

588 2598 753 2661 quae
792 2582 1163 2661 conspectui
1208 2600 1266 2663 p.
1316 2580 1874 2659 225,16-226,9
1922 2580 2202 2643 insertae
2238 2600 2367 2643 non
2405 2582 2553 2660 sint,
2602 2587 2812 2644 tamen
2860 2581 2936 2642 in

584 2685 1078 2768 insequentibus
1106 2687 1361 2769 paginis
1391 2685 1471 2749 ad
1501 2685 1818 2748 rationem
1856 2683 2114 2748 dicendi
2153 2693 2490 2752 reuocatae
2520 2693 2689 2752 sunt.
2761 2686 2934 2768 Ergo

584 2811 796 2874 neque
853 2793 1009 2856 haec
1064 2811 1277 2875 neque
1334 2793 1448 2855 illa
1500 2794 1754 2875 integra
1810 2799 2005 2856 sunt.⁴
2072 2793 2199 2858 Sed
2252 2795 2412 2859 haec
2466 2799 2684 2878 postea
2727 2793 2933 2874 magis

585 2899 994 2982 apparebunt.
2435 2897 2440 2898 ⁷

762 3004 1137 3071 Disserendi
1173 3006 1583 3071 Palaemonis
1630 3025 1852 3089 genuS,
1900 3013 1975 3069 ut
2007 3007 2077 3090 id
2126 3007 2407 3090 denique
2455 3007 2699 3087 addam,
2743 3006 2932 3069 facile

583 3112 912 3195 profluens
950 3116 1329 3178 continuum
1369 3119 1465 3178 est
1497 3116 1588 3177 eis
1627 3115 2004 3197 praesertim
2048 3116 2118 3176 in
2156 3115 2463 3197 partibuS,
2512 3132 2676 3196 quae
2715 3113 2931 3177 saluae

583 3239 620 3280 a
657 3217 939 3285 Charisio
976 3227 1266 3306 receptae
1304 3226 1470 3295 sunt,
1515 3220 1682 3283 libro
1718 3218 1836 3299 111,
1882 3227 2213 3302 praecepta
2248 3221 2596 3304 praeceptis
2635 3221 2930 3284 adserens

581 3328 687 3409 ita,
734 3334 806 3390 ut
841 3329 948 3391 uel
981 3329 1133 3392 inde
1172 3328 1535 3409 concludaS,
1582 3327 1694 3389 ubi
1734 3326 2024 3388 doctrina
2057 3327 2414 3409 interrupta
2449 3332 2558 3389 aut
2595 3326 2932 3409 deprauata

584 3436 682 3516 sit,
729 3435 843 3498 ubi
886 3455 1017 3498 non
1063 3436 1237 3516 item,
1283 3439 1485 3517 utque
1528 3434 1597 3495 in
1642 3438 1924 3496 mentem
1968 3433 2087 3495 tibi
2140 3435 2359 3497 ueniat
2404 3431 2693 3496 Suetonii
2737 3433 2926 3496 illud:

581 3540 1025 3604 Palaemonem
1079 3541 1382 3604 facilitate
1439 3540 1748 3603 sermonis
1791 3540 2083 3603 homines
2140 3542 2397 3624 cepisse.
2498 3542 2715 3623 Atque
2772 3540 2930 3603 haec

583 3648 844 3730 quidem
890 3648 1213 3712 hactenus,

758 3965 898 4029 Iam
942 3986 1097 4030 uero
1143 3968 1213 4029 in
1261 3967 1534 4032 dicendo
1583 3968 1999 4052 docendoque
2047 3989 2208 4053 quae
2252 3969 2654 4033 Palaemonis
2702 3975 2932 4053 essent,

582 4091 617 4136 e
662 4072 991 4155 particulis
1035 4072 1164 4136 illis
1203 4079 1312 4137 aut
1357 4095 1394 4136 a
1431 4073 1716 4139 Chai-isio
1763 4076 1901 4160 ipso
1941 4083 2051 4140 aut
2096 4097 2133 4140 a
2170 4075 2696 4140 Schottmuellero
2741 4075 2931 4141 firmo

581 4185 953 4263 argumento
1002 4180 1062 4243 ei
1107 4180 1363 4245 tributis
1412 4183 1742 4265 quoniam,
1804 4190 1880 4247 ut
1924 4185 2225 4268 oportuit,
2288 4183 2573 4247 emisisse
2617 4183 2934 4267 uidemur,

579 4288 914 4351 ueniamus
977 4287 1317 4371 aliquando
1380 4289 1460 4352 ad
1519 4289 1758 4353 librum
1807 4290 2073 4353 Charisii
2134 4292 2439 4374 primum,
2502 4290 2674 4353 unde
2721 4292 2936 4354 exorti
