3197 4992
1526 321 1960 381 ..78—

560 496 931 560 decurtatus
980 502 1088 559 est.
1184 495 1519 579 Ceteroqui
1558 503 1621 559 et
1668 496 1856 558 dictio
1906 504 1967 559 et
2015 497 2283 559 docendi
2329 516 2534 580 genus
2581 495 2893 559 Palaemo-

562 620 710 664 nem
759 609 973 685 aperte
1021 604 1379 666 ostendunt.
1471 602 1717 665 Eadem
1764 605 1935 666 enim
1983 608 2270 686 tempora
2317 609 2379 667 et
2423 603 2718 685 exempla
2759 605 2894 665 reti-

558 713 814 787 nentur,
865 729 1027 790 quae
1074 730 1111 772 a
1159 709 1469 789 Charisi03
1521 710 1740 772 confer
1780 707 2048 772 Charisii
2095 712 2622 773 commentarium
2668 731 2723 793 p.
2761 713 2894 790 178,

561 817 898 896 36-180,
938 818 1021 879 26
1072 821 1429 879 exstantem
1478 821 1541 879 et
1585 815 1736 878 libri
1782 815 1848 877 II
1897 823 2087 899 caput
2131 816 2313 880 VIII.

739 920 916 997 Quae
980 923 1130 984 inde
1196 943 1231 984 a
1295 944 1352 1006 p.
1403 926 1551 1004 408,
1591 925 1958 1003 21-424,
2003 927 2114 985 15:
2183 917 2311 993 ‘De
2375 917 2718 1001 aduerbio'‚
2775 916 2896 986 ‘De

555 1024 1066 1110 praepositione³,
1119 1023 1248 1092 ‘De
1296 1025 1786 1111 coniunctione’,
1840 1023 1970 1093 ‘De
2021 1024 2507 1110 interiectione',
2563 1028 2895 1092 Dositheus

555 1136 858 1218 explicat,
907 1156 982 1199 ea
1021 1156 1166 1199 curn
1207 1135 1479 1199 Charisii
1528 1138 1819 1200 doctrina
1862 1157 1920 1219 p.
1967 1140 2110 1217 181,
2154 1140 2504 1216 17—242,
2548 1138 2629 1198 12
2678 1137 2898 1218 scripta

558 1245 968 1306 consentiunt
990 1243 1063 1326 1);
1153 1245 1368 1307 confer
1433 1263 1593 1326 quae
1660 1263 1854 1326 supra
1911 1264 1970 1327 p.
2029 1246 2114 1307 68
2170 1264 2305 1327 8(1(1.
2367 1244 2446 1307 de
2505 1242 2898 1307 Palaemonis

554 1349 844 1412 doctrina
904 1352 1190 1433 exposui.
1284 1352 1383 1413 Ac
1441 1370 1524 1413 ne
1581 1351 1702 1412 1100
1761 1349 2018 1431 (1111(10111
2082 1350 2502 1413 dubitationis
2564 1351 2898 1433 quicquam

553 1457 802 1519 adferre
873 1463 1105 1540 potest,
1174 1458 1346 1539 quod
1411 1456 1757 1519 Dositheus
1822 1476 2309 1539 nonnumquam
2379 1456 2562 1540 plura
2625 1457 2897 1537 tradidit.

557 1583 750 1645 quam
817 1563 1173 1641 Charisius3
1253 1583 1414 1645 quae
1482 1565 1785 1645 quoniam
1865 1562 2035 1645 apud
2101 1561 2477 1625 Diomedem
2553 1564 2771 1644 etiam,
2837 1569 2901 1625 ut

556 1668 806 1732 Keilius
868 1671 1205 1749 indicauit,
1270 1670 1591 1752 leguntur,
1658 1690 1695 1731 a
1753 1668 2059 1733 Dositheo
2125 1688 2252 1731 non
2318 1675 2585 1752 possunt
2640 1670 2902 1733 inuenta

553 1794 705 1839 esse.
802 1775 1156 1859 Scriptores
1213 1795 1367 1838 uero
1429 1778 1499 1837 in
1560 1777 1653 1839 eis
1708 1777 1866 1858 ipsis
1923 1776 2211 1858 partibus
2275 1775 2573 1858 appellati
2629 1782 2785 1840 sunt
2827 1778 2901 1856 ei,

555 1901 715 1962 quos
770 1881 1117 1946 Palaemon
1180 1883 1492 1966 praeferre
1550 1884 1776 1946 solitus
1834 1889 1953 1961 est3
2023 1883 2377 1946 disserendi
2430 1901 2637 1965 genus
2683 1883 2900 1947 Palae-

551 1989 760 2051 monis
807 1998 917 2055 est.
1010 1992 1108 2053 Ac
1158 1991 1235 2053 de
1282 1988 1571 2052 Dosithei
1619 2009 1693 2052 ea
1741 1990 1998 2072 quidem
2049 1996 2183 2052 arte
2229 1989 2552 2051 hactenus,

1518 2224 1944 2231 ψ--ᾲ

549 2396 671 2463 IV.
718 2398 822 2463 Dc
845 2399 920 2487 Q.
943 2398 1257 2465 Remmii
1279 2399 1736 2465 Palaemonis
1776 2398 2113 2464 doctrina
2140 2397 2335 2481 apud
2364 2398 2895 2482 excerptorem,

1049 2508 1177 2591 qui
1223 2511 1532 2574 uocatur
1577 2506 2011 2573 Bobiensem
2061 2506 2421 2571 exstante.

737 2648 955 2729 Atque
1041 2655 1479 2732 excerptorem
1561 2649 1974 2729 Bobiensem,
2069 2650 2255 2712 cuius
2336 2654 2669 2731 praecepta
2738 2648 2771 2712 Ι
2841 2670 2897 2733 p.

550 2757 677 2817 533
695 2758 902 2818 -565
951 2758 1392 2838 inueniuntur,
1442 2755 1709 2818 Charisii
1755 2755 1951 2818 libros
1998 2756 2412 2838 exscripsisse
2454 2774 2513 2816 u.
2555 2753 2612 2816 d.
2651 2753 2899 2817 Keilius

553 2862 703 2924 olim
751 2863 1164 2925 existimauit.
1261 2862 1386 2926 Sed
1435 2859 1740 2945 quoniam
1799 2868 2129 2945 excerptor
2178 2861 2527 2944 pleniorem
2578 2880 2898 2923 nonnum-

518 2981 746 3050 quam
814 2969 1168 3032 doctrinam
1235 2989 1317 3032 ex
1385 2970 1606 3032 eodem
1669 2970 1866 3051 fonte,
1933 2975 2005 3032 ut
2070 2988 2265 3051 supra
2331 2967 2543 3046 docui,
2607 2967 2894 3030 haustam

551 3075 834 3155 exhibet,
890 3074 1087 3138 Keilii
1144 3078 1458 3139 sententia
1504 3081 1673 3139 stare
1718 3095 1848 3138 non
1893 3081 2115 3157 potest.
2208 3075 2426 3156 Atque
2471 3074 2721 3137 Keilius
2765 3076 2897 3157 ipse

546 3184 616 3243 in
674 3181 1065 3264 praefatione
1108 3184 1202 3245 ad
1250 3182 1626 3246 Dositheum
1687 3183 1833 3245 data
1886 3182 2007 3244 hoc
2062 3181 2384 3264 professus
2443 3187 2552 3243 est.
2647 3180 2774 3245 Sed
2818 3200 2897 3247 110

549 3287 807 3351 Christii
855 3309 929 3352 ea
979 3291 1237 3372 quidem
1285 3290 1500 3372 opinio
1550 3288 1800 3372 (Philol.
1856 3290 1954 3368 18,
2001 3309 2059 3370 p.
2113 3291 2238 3351 136
2278 3289 2459 3370 sqq),
2518 3308 2645 3370 qua
2693 3287 2895 3351 Comi-

546 3396 814 3458 nianum
861 3400 1222 3479 excerptori
1271 3396 1590 3459 scribendi
1637 3396 1971 3458 materiam
2016 3395 2387 3477 praebuisse
2434 3395 2699 3471 censuit,
2745 3414 2896 3457 sana

546 3504 804 3565 omnino
854 3509 964 3566 est.
1059 3501 1315 3565 Etenim
1364 3521 1558 3583 quam
1608 3507 1940 3583 excerptor
1987 3503 2332 3585 congessit,
2382 3502 2669 3563 doctrina
2710 3503 2895 3583 plane

546 3611 713 3693 apud
764 3609 1123 3672 Charisium
1176 3610 1244 3669 in
1296 3608 1805 3670 Palaemonianis
1853 3611 2321 3672 commentariis
2368 3608 2718 3690 eodemque
2763 3606 2893 3690 ple-

544 3736 818 3798 rumque
881 3715 1101 3777 ordine
1167 3716 1496 3797 reperitur.
1593 3713 1771 3789 Quae
1835 3716 1942 3778 ubi
2003 3699 2241 3799 prostet
2297 3715 2464 3799 apud
2522 3714 2892 3793 Charisium,

548 3841 726 3884 nunc
771 3822 1060 3884 indicare
1107 3822 1260 3884 satis
1308 3826 1416 3884 est.

722 3928 859 3991 Iam
918 3948 1079 4011 quae
1126 3950 1183 4012 p.
1235 3932 1625 4007 533—537‚
1679 3933 1761 3992 14
1819 3937 2164 3993 occurrunt
2184 3928 2251 4014 2),
2307 3930 2478 4013 apud
2537 3927 2888 3991 Charisium

721 4177 762 4245 ¹)
798 4176 1193 4230 Interiectionis
1231 4177 1528 4244 particulae
1565 4194 1616 4245 p.
1656 4181 1776 4244 424,
1806 4182 1836 4228 9
1870 4170 2040 4244 ‘apex
2076 4169 2299 4231 Donati'
2337 4176 2684 4244 interpositus
2721 4175 2817 4227 est.

720 4265 762 4332 ²)
801 4284 854 4334 p.
897 4272 1014 4333 534,
1046 4271 1114 4320 39
1154 4270 1360 4333 Asprus
1400 4267 1620 4334 quidam
1666 4266 1895 4332 inrepsit
1941 4265 2031 4318 uia
2075 4265 2257 4318 nescio
2308 4282 2429 4333 qua.
2503 4265 2757 4317 Doctrina
2800 4260 2888 4315 hic

542 4358 794 4422 corrupta
831 4355 1045 4409 omnino
1085 4372 1203 4408 esse
1241 4356 1486 4424 arguitur
1523 4371 1603 4421 eo,
1644 4355 1785 4422 quod
1822 4356 1964 4422 apud
1991 4355 2311 4408 Dositheum
2349 4354 2450 4408 hoc
2486 4353 2602 4407 loco
2639 4371 2689 4421 p.
2715 4354 2882 4417 394‚1
