3197 4992
1247 380 1686 441 -49-

304 574 440 616 nam
481 556 632 619 haec
686 556 999 639 particula
1042 561 1206 619 esset
1249 555 1668 619 Morawskius
1714 557 1752 618 l.
1790 556 1830 619 l.
1878 557 2242 636 haesitauit3
2302 562 2367 620 at
2413 556 2633 619 Palae-

300 662 460 724 moni
504 682 643 725 eam
688 662 902 726 deberi
939 667 1003 725 et
1037 681 1120 726 ex
1154 663 1293 726 loco
1330 663 1441 725 illo
1479 663 1737 726 laudato
1785 669 1847 726 et
1892 683 1974 727 ex
2020 683 2093 727 eo
2132 669 2414 747 apparet,
2462 663 2634 746 quod

297 789 350 850 p.
396 771 594 850 93,11
640 769 911 853 Vergilii
945 769 1145 833 uerba
1190 770 1411 833 eodem
1450 775 1771 851 contextu,
1822 790 1947 853 quo
1994 791 2051 854 p.
2092 773 2196 852 34,
2217 773 2301 833 25
2350 771 2633 833 excitan-

296 879 421 938 tur:
477 868 727 957 ‘Sane',
787 878 994 959 inquit
1047 877 1532 959 grammaticuS,
1585 869 1949 959 ‘Vergilius
2011 877 2167 940 dicit
2220 869 2404 940 ‘uere
2461 876 2628 941 fabis

295 975 501 1061 satio’3
559 984 671 1046 sed
717 1002 834 1046 nec
879 985 1090 1066 ipsum
1135 984 1519 1063 admittitur,
1580 983 1734 1065 quia
1777 1002 1894 1045 nec
1953 982 2194 1047 ferrum
2236 1003 2355 1046 nec
2401 1004 2630 1046 aurum

290 1107 402 1151 nec
445 1089 672 1170 oleum,
721 1091 1015 1173 quamuis
1061 1090 1302 1152 diuersi
1344 1091 1612 1173 generis,
1666 1089 1999 1172 pluraliter
2046 1092 2387 1173 quisquam
2433 1110 2628 1154 ausus

292 1201 379 1258 est
426 1199 840 1280 pronuntiare
853 1191 888 1259 ².
937 1236 1021 1243 —
1072 1195 1320 1271 Quibus
1380 1203 1592 1259 tamen
1646 1197 1804 1260 locis
1849 1197 2154 1278 laudatiS,
2213 1217 2360 1260 cum
2405 1199 2476 1260 in
2522 1218 2628 1260 su-

287 1303 633 1384 perioribus
695 1303 1007 1387 capitibus
1052 1304 1473 1387 reperiantur,
1533 1304 1656 1365 hoc
1704 1292 2147 1386 comprobatur
2189 1305 2464 1387 primum
2513 1303 2628 1366 Pa-

287 1409 586 1473 laemonis
635 1429 788 1491 esse,
837 1430 999 1493 quae
1046 1412 1115 1473 in
1150 1410 1273 1472 hoc
1310 1411 1515 1493 capite
1553 1415 1763 1473 exstat
1800 1410 2168 1491 doctrinam,
2215 1410 2444 1473 deinde
2482 1430 2629 1473 cum

288 1519 479 1579 nostri
528 1518 752 1600 capitis
797 1522 1133 1600 praecepta
1169 1515 1570 1579 Palaemonis
1609 1518 1751 1598 sint,
1798 1517 2123 1599 superiora
2163 1518 2370 1600 capita
2409 1517 2630 1580 eodem

285 1623 415 1686 iure
450 1623 823 1687 Palaemoni
867 1624 1080 1686 tribui.
1122 1661 1206 1668 —
1254 1622 1377 1686 Sed
1426 1624 1578 1706 quid
1626 1624 1858 1707 plura?
1924 1622 2211 1706 Longam
2257 1643 2626 1688 enumerare

285 1749 535 1811 possum
599 1737 1120 1814 argumentorum
1183 1732 1439 1811 seriem,
1514 1750 1549 1794 e
1617 1730 1849 1814 quibus
1911 1736 2125 1814 pateat
2186 1729 2631 1794 Palaemonem

285 1837 468 1901 huius
530 1839 754 1921 capitis
809 1843 1133 1900 auctorem
1190 1856 1341 1900 esse.
1436 1839 1527 1900 At
1586 1857 1895 1920 quorsum
1950 1837 2061 1903 id?
2150 1836 2382 1900 Nonne
2442 1857 2629 1919 argu-

282 1946 682 2007 mentationis
729 1945 881 2006 satis
928 1950 1048 2024 est,
1115 1944 1285 2026 quod
1343 1944 1661 2007 artissimo
1707 1944 1970 2006 uinculo
2027 1945 2241 2007 omnia
2288 1944 2628 2006 constricta

285 2052 470 2114 sunt?
563 2050 945 2131 Mehercule,
989 2051 1118 2113 nisi
1163 2056 1292 2113 tam
1338 2056 1763 2134 praestantem
1823 2051 2315 2133 euidentemque
2372 2052 2627 2112 secutus

284 2164 439 2222 esset
498 2158 845 2221 Palaemon
905 2157 1173 2220 docendi
1226 2158 1560 2238 rationem,
1634 2157 1923 2220 doctrina
1979 2159 2114 2220 eius
2176 2159 2314 2220 erui
2371 2157 2626 2219 omnino

280 2285 400 2328 non
448 2269 677 2348 posset.
768 2263 886 2327 Est
928 2283 1083 2327 uero
1130 2283 1511 2347 magnorum
1554 2265 1869 2345 uirorum,
1931 2263 2105 2346 quod
2163 2264 2316 2346 quid
2362 2282 2513 2346 prae
2559 2281 2627 2325 se

280 2372 520 2454 ferunt,
581 2391 616 2434 e
678 2391 803 2453 quo
864 2372 969 2434 uel
1029 2373 1231 2453 primo
1294 2370 1522 2433 obtutu
1580 2389 1688 2434 eos
1744 2389 2103 2453 cognoscas
2195 2368 2392 2432 Porro
2457 2369 2627 2452 quod

283 2498 467 2563 supra
532 2478 611 2542 de
676 2478 924 2541 dicendi
992 2477 1387 2561 docendique
1455 2477 1853 2541 Palaemonis
1916 2478 2159 2540 ratione
2224 2476 2527 2559 exposui,
2592 2495 2628 2539 e

285 2588 508 2668 quauis
554 2587 790 2670 pagina
835 2585 1161 2649 excitabis.
1252 2584 1481 2648 Libero
1529 2586 1702 2647 enim
1749 2605 1823 2647 ac
1867 2585 2015 2647 forti
2060 2586 2272 2647 animo
2316 2605 2627 2667 gramma·

285 2693 439 2756 ticus
475 2692 809 2776 profitetur
848 2692 1199 2755 doctrinam
1233 2710 1557 2774 respuenS,
1608 2691 1863 2774 quiduis
1899 2698 2209 2775 repugnat
2247 2698 2357 2754 aut
2391 2692 2626 2754 rationi

285 2806 385 2862 aut
443 2799 914 2864 consuetudini.
1008 2798 1192 2861 Ratio
1258 2804 1502 2879 autem,
1568 2798 1739 2881 quod
1802 2800 2092 2881 promisit
2154 2800 2224 2860 in
2287 2799 2627 2882 prooemiO,

284 2912 687 2987 sustentatur,
734 2906 1072 2968 dummodo
1133 2925 1214 2968 ne
1261 2905 1710 2969 consuetudini
1764 2906 1903 2968 siue
1949 2905 2312 2967 auctoritati
2359 2906 2624 2988 scripto-

281 3032 415 3076 rum
457 3032 717 3098 prorsus
764 3013 1152 3076 aduersetur.
1244 3010 1433 3075 Unde
1478 3013 1641 3074 nihil
1683 3012 2079 3094 stequentius
2124 3012 2194 3073 in
2241 3012 2360 3073 hoc
2400 3012 2627 3094 capite,

287 3140 466 3202 quam
518 3120 689 3203 quod
734 3121 801 3182 in
849 3120 991 3183 aliis
1037 3119 1404 3182 nominibus
1450 3120 1631 3199 ratic,
1677 3120 1746 3180 in
1785 3119 1929 3180 aliis
1969 3117 2358 3206 consuetudo
2408 3117 2620 3180 defen-

287 3226 472 3309 ditur,
539 3233 729 3310 prout
791 3228 946 3290 haec
1009 3227 1119 3288 illa
1182 3228 1489 3289 maiorem
1546 3230 1917 3309 potestatem
1963 3223 2176 3286 habet.
2282 3222 2625 3286 Palaemon

284 3335 447 3397 enim
511 3334 1012 3396 mediocritatem
1074 3335 1263 3396 istam
1327 3339 1565 3414 seruat,
1635 3351 1796 3414 quae
1861 3332 1946 3393 sit
2007 3332 2172 3393 inter
2226 3331 2499 3392 nimium
2563 3335 2626 3392 et

282 3458 495 3520 parum
544 3446 608 3503 et
654 3459 832 3523 quae,
876 3445 951 3502 ut
995 3441 1197 3523 ipsius
1237 3440 1448 3503 uerbis
1494 3445 1654 3519 utar,
1702 3437 1950 3518 efficiat,
1997 3442 2082 3499 ut>
2103 3436 2418 3499 horridior
2460 3437 2622 3498 ratio

284 3549 650 3611 auctoritate
696 3547 834 3609 siue
881 3564 1196 3609 consensu
1240 3547 1589 3609 multorum
1639 3550 1702 3607 et
1738 3546 2019 3607 inuicem
2055 3543 2342 3625 uulgaris
2381 3563 2455 3606 ac
2491 3562 2623 3606 sor-

285 3652 426 3717 dida
464 3653 858 3718 consuetudo
904 3654 1075 3717 iusta
1121 3661 1184 3716 et
1229 3653 1373 3716 utili
1418 3654 1666 3714 ratione
1714 3651 2077 3735 depellatur.
2156 3648 2331 3725 Quae
2376 3670 2461 3712 ex
2505 3651 2626 3713 hoc

284 3764 555 3824 maxime
594 3761 797 3843 capite
825 3760 1108 3839 elucent3
1163 3778 1440 3842 namque
1477 3761 1545 3820 in
1583 3757 2019 3841 superioribus
2048 3758 2376 3840 capitibuS,
2417 3758 2626 3840 quoad

288 3883 319 3927 0
357 3867 544 3931 rebus
593 3887 632 3929 a
669 3865 950 3929 Charisio
997 3868 1263 3949 receptis
1310 3865 1630 3948 conligere
1676 3866 1840 3945 licet,
1888 3865 2051 3926 nihil
2094 3863 2224 3926 fere
2269 3865 2394 3926 nisi
2439 3884 2624 3946 regu-

287 3970 374 4036 lae
417 3974 740 4057 generales
785 3978 1198 4056 pertractatae
1244 3977 1419 4051 sunt3
1468 3972 1538 4034 in
1582 3973 1705 4035 hoc
1748 3990 1902 4033 uero
1943 3971 2148 4052 capite
2195 3989 2343 4032 cum
2386 3971 2621 4032 rationi

291 4083 417 4143 tum
469 4080 915 4144 consuetudini
960 4080 1289 4162 prouisum
1334 4085 1443 4142 est.
1537 4078 1882 4141 Palaemon
1930 4083 2142 4139 autem
2187 4075 2255 4138 id
2310 4075 2432 4138 sibi
2478 4096 2623 4157 pro-

291 4193 593 4269 posuerat,
666 4191 738 4249 ut
793 4187 1076 4269 primum
1132 4187 1443 4249 rationem
1506 4186 1840 4248 nominum
1904 4184 2325 4261 examinaret,
2393 4181 2622 4244 deinde

293 4296 644 4358 auctoritate
709 4294 1086 4376 scriptorum
1159 4293 1450 4356 consulta
1513 4296 1843 4370 statueret,
1923 4288 2077 4372 quid
2142 4286 2622 4351 consuetudinis

294 4400 511 4463 rationi
570 4399 1051 4484 praeferendum
1116 4404 1308 4481 esset,
1377 4399 1532 4482 quid
1591 4417 1724 4460 non
1781 4398 1963 4474 item3
2029 4395 2222 4477 idque
2286 4412 2401 4457 suo
2464 4393 2617 4455 iure.

2269 4502 2302 4552 4
