3197 4992
1530 319 1970 381 ..82-

566 499 668 562 nis
713 497 1011 580 palantur
1059 499 1393 580 praecepta
1449 494 1618 579 apud
1671 495 2118 580 grammaticos
2176 495 2453 578 primum
2507 495 2709 577 larga,
2763 493 2899 561 dein

565 605 772 687 magis
804 603 1151 686 ⁴magisque
1195 601 1563 683 imminuta,
1618 601 1772 666 dum
1822 603 2103 685 denique
2151 601 2437 664 doctrina
2483 620 2556 665 eo
2602 602 2904 684 peruenit,

565 716 639 775 ut
682 712 751 773 in
798 710 1330 793 interrogationes
1378 714 1442 772 et
1485 710 1930 793 responsiones
1978 708 2284 772 dissoluta
2335 709 2426 771 ‘sit
2470 709 2900 792 ineptissimas

565 818 964 882 Palaemonis
1028 818 1228 901 igitur
1293 837 1394 880 ars
1453 817 1639 900 quasi
1694 817 1898 880 amnis
1952 815 2075 879 fuit
2129 835 2240 900 per
2293 820 2546 899 pratum
2595 814 2900 897 quoddam

564 926 691 989 late
736 924 935 1006 fusuS,
989 943 1031 988 e
1083 944 1207 1007 quo
1262 925 1394 988 riui
1446 924 1774 1007 riuulique
1831 924 2280 988 deriuarentur
2332 923 2603 985 sescenti
2656 941 2903 1005 percur-

566 1039 775 1097 rentes
831 1052 985 1096 arua
1036 1031 1630 1115 fecunditatemque
1692 1031 2065 1113 adferenteS,
2132 1030 2450 1114 quidquid
2515 1030 2903 1112 attingerent.

567 1140 766 1204 Cuius
815 1139 1075 1223 quidem
1122 1139 1329 1203 amnis
1373 1139 1635 1203 fuerunt
1678 1137 1914 1203 fluctus
1959 1138 2135 1220 taleS,
2192 1156 2354 1222 quos
2407 1138 2543 1222 ipse
2593 1135 2907 1200 Charisius

564 1247 737 1311 haud
785 1248 1034 1311 modice
1081 1249 1216 1311 sine
1265 1246 1460 1317 dubio
1508 1247 1818 1310 sermonis
1865 1245 2078 1310 Latini
2131 1263 2345 1309 amore
2392 1248 2613 1327 captus
2656 1263 2907 1326 magna-

572 1376 696 1439 que
740 1357 1095 1419 instructus
1142 1353 1528 1419 adsiduitate
1572 1352 2042 1418 transcribendi
2086 1352 2517 1437 patientiaque
2562 1370 2693 1413 non
2730 1350 2908 1421 modo

567 1483 698 1526 non
764 1467 1114 1546 superaret,
1179 1463 1294 1525 sed
1356 1463 1592 1545 periret
1655 1462 1851 1525 undis
1914 1462 2095 1525 uelut
2161 1459 2387 1542 capitis
2440 1457 2616 1521 illins
2671 1456 2801 1520 XV
2854 1461 2913 1520 et

568 1571 928 1654 analogiae3
992 1589 1382 1652 quamquam
1430 1569 1543 1632 alii
1587 1570 1777 1652 eique
1835 1569 2097 1652 plurimi
2143 1566 2586 1630 transnatandi
2631 1585 2715 1630 ne
2744 1565 2912 1650 'peri-

569 1680 787 1745 culum
835 1678 904 1740 id
952 1677 1213 1761 quidem
1256 1676 1556 1740 fecerunt.
1636 1674 1844 1751 Quare
1892 1695 2122 1740 uerum
2170 1680 2281 1756 est,
2322 1672 2494 1756 quod
2532 1693 2727 1756 supra
2766 1671 2912 1751 dixi,

567 1784 972 1851 Palaemonis
1031 1784 1153 1847 arti
1198 1783 1459 1867 perinde
1507 1784 1819 1847 accidisse
1864 1802 1939 1845 ac
1984 1781 2202 1845 Verrii
2260 1787 2324 1845 et
2369 1781 2642 1844 aliorum
2689 1778 2916 1842 multo-

566 1911 725 1955 rum·
761 1892 899 1955 eius
955 1890 1132 1954 modi
1182 1890 1381 1971 libris,
1439 1895 1514 1953 ut
1567 1889 2059 1973 insequentibus
2116 1890 2409 1971 saeculis,
2467 1886 2703 1971 quibus
2765 1884 2916 1968 quid

567 2006 797 2063 natura
848 2000 1188 2082 uirtusque
1233 1996 1495 2060 Latinae
1547 1997 1811 2081 linguae
1867 2000 2054 2078 esset,
2116 2015 2245 2059 non
2300 1997 2424 2059 iam
2486 1995 2917 2078 perciperetur

570 2107 1069 2190 disciplinaeque
1132 2106 1582 2189 grammaticae
1649 2104 2135 2186 occalescerent,
2201 2103 2657 2167 distraheretur
2725 2105 2917 2183 atque

569 2219 1016 2297 excerperetur
1078 2214 1320 2276 relictis
1386 2214 1495 2291 eis,
1562 2231 1727 2296 quae
1790 2213 1861 2274 in
1925 2211 2197 2303 istorum
2260 2210 2597 2273 hominum
2658 2206 2920 2291 ingenia

569 2321 1046 2384 conueniebant.
1144 2322 1358 2403 Atque
1421 2321 1577 2384 haec
1644 2320 1779 2403 ipsa
1840 2317 1965 2381 fuit
2029 2337 2248 2400 causa,
2316 2317 2489 2400 quod
2544 2315 2921 2380 Remmiana

571 2448 670 2492 ars
726 2427 962 2491 tradita
1017 2447 1144 2490 non
1200 2434 1294 2492 est
1348 2428 1707 2491 memoriae.
1800 2425 1967 2490 Nam
2024 2445 2171 2489 cum
2218 2430 2477 2511 propter
2520 2425 2921 2487 ieiunitatem

569 2537 991 2620 posteriorum
1036 2541 1395 2620 temporum
1441 2535 2075 2618 imbecillitatemque
2122 2554 2223 2598 ars
2258 2534 2371 2596 illa
2408 2532 2665 2615 excerpi
2704 2535 2922 2613 coepta

570 2648 737 2707 esset
780 2643 1125 2726 libellique,
1184 2642 1402 2725 quales
1451 2644 1967 2726 conscripserunt
2010 2639 2355 2705 Dositheus
2411 2641 2774 2723 excerptor
2795 2637 2921 2716 alii,

571 2752 952 2813 exsisterent
997 2750 1411 2836 grammatici,
1459 2748 1737 2813 Remmii
1783 2755 1936 2832 arte,
1984 2768 2147 2832 quae
2195 2752 2359 2812 esset
2395 2749 2666 2832 amplior
2700 2746 2920 2809 altius-

573 2878 698 2941 que
743 2863 1078 2941 repeteret,
1124 2856 1419 2920 submota
1463 2856 1667 2920 libelli
1711 2858 1818 2920 isti
1865 2856 2211 2920 eruditioni
2265 2855 2771 2938 disciplinaeque
2820 2850 2923 2913 de-

571 2966 792 3029 stinati
846 2970 1014 3027 sunt.
1117 2963 1346 3046 Itaque
1394 2965 1691 3047 quamuis
1727 2964 1930 3027 multa
1976 2963 2091 3026 tali
2142 2963 2333 3026 modo
2391 2965 2645 3025 seruata
2700 2960 2850 3023 sint
2889 2977 2927 3021 a

569 3072 999 3157 grammaticis
1043 3071 1519 3154 posterioribus,
1574 3077 1793 3135 tamen
1838 3070 2244 3134 Palaemonis
2291 3088 2410 3151 ars,
2456 3067 2664 3151 qualis
2709 3066 2921 3144 fuerit,

569 3180 819 3243 restitui
873 3173 1227 3262 numquam
1279 3180 1534 3262 poterit,
1600 3179 1727 3241 nisi
1780 3177 1941 3241 forte
1996 3176 2278 3240 Fortuna
2340 3176 2661 3258 inciderit,
2726 3179 2803 3237 ut
2857 3173 2926 3235 in

568 3287 984 3350 bibliothecae
1030 3287 1301 3350 alicuius
1357 3285 1621 3349 latibulo
1679 3286 1833 3347 artis
1886 3285 2064 3371 illius
2120 3283 2443 3367 exemplar
2487 3284 2593 3347 uel
2648 3303 2687 3345 a
2732 3281 2924 3345 tineis

571 3394 866 3457 adrosum
915 3394 1337 3477 obrutumque
1381 3393 1643 3475 puluere
1690 3391 2204 3477 deprehendatur.
2282 3390 2465 3467 Quod
2510 3396 2793 3473 tempora
2836 3387 2925 3450 fe-

567 3503 777 3565 liciter
821 3506 1087 3564 uertant.
1183 3498 1309 3563 Sed
1353 3502 1679 3563 mittamus
1724 3519 1898 3562 nunc
1943 3500 2116 3582 haec,
2175 3499 2253 3562 de
2302 3498 2536 3582 quibus
2585 3496 2841 3580 quando
2890 3512 2925 3558 e

569 3609 835 3692 reliquis
880 3608 1310 3691 grammaticis
1356 3606 1797 3670 Remmianam
1856 3607 2211 3670 doctrinam
2266 3606 2616 3669 conlectam
2659 3602 2925 3666 habebi-

569 3736 730 3797 muS,
794 3714 1025 3778 melius
1087 3715 1250 3776 ferre
1311 3716 1663 3798 poterimus
1723 3715 2069 3793 'iudicium3
2139 3713 2474 3776 tendamus
2539 3712 2621 3774 ad
2686 3729 2778 3792 ea,
2848 3710 2927 3773 de

575 3822 808 3906 quibus
852 3826 928 3883 nt
980 3822 1051 3890 in
1107 3820 1276 3882 calce
1331 3821 1524 3885 huius
1580 3822 2026 3907 disputationis
2083 3820 2479 3900 dissererem,
2532 3818 2926 3902 propositum

571 3929 728 3992 mihi
783 3934 892 3991 est.

1532 4128 1958 4136 ————————————-—
