3197 4992
1316 355 1759 416 -39—

340 553 504 596 num
551 533 1036 596 terminationes
1085 531 1434 614 descripsit.
1526 530 1866 593 Praeterea
1913 551 1969 614 p.
2010 533 2115 612 47,
2141 533 2182 594 4
2231 530 2523 594 doctrina
2569 550 2706 593 cor-

339 646 533 723 rupta
598 645 729 703 est:
813 632 1012 702 ‘Item
1085 638 1196 700 illa
1259 657 1374 721 per
1434 639 1457 699 i
1525 637 1799 700 litteram
1869 636 2161 700 datiuum
2226 642 2287 700 et
2352 636 2704 700 ablatiuum

342 746 610 827 habent,
667 765 828 827 quae
876 752 1028 809 sunt
1074 747 1193 808 hoc
1240 743 1460 808 eodem
1507 743 1674 807 libro
1722 763 1919 827 supra
1964 749 2258 827 excepta,
2317 761 2481 826 quae
2525 744 2707 806 incu-

342 854 629 916 satiuum
678 871 791 935 per
834 855 924 915 im
969 853 1220 915 faciunt
1257 902 1268 913 .
1311 902 1322 914 .
1365 843 1400 913 .'
1492 849 1660 913 Nam
1703 842 2055 913 ‘datiuum'
2102 850 2521 914 subditicium
2569 868 2707 913 esse

342 979 534 1022 nemo
583 980 708 1023 non
761 960 981 1036 sentit3
1044 978 1113 1022 re
1159 977 1314 1021 uera
1362 963 1697 1041 excerptor
1750 978 1807 1040 p.
1858 960 2007 1037 545,
2037 959 2122 1019 22
2178 949 2527 1020 ‘datiuum'
2573 975 2705 1020 non

341 1067 638 1150 praebet:
705 1061 896 1129 ‘Item
953 1067 1064 1129 illa
1108 1085 1221 1148 per
1263 1067 1289 1127 i
1333 1065 1612 1128 litteram
1671 1064 2025 1127 ablatiuum
2072 1063 2336 1144 habent,
2394 1082 2557 1146 quae
2604 1083 2706 1126 ac-

343 1176 714 1237 cusatiuum
778 1191 890 1255 per
952 1173 1040 1234 im
1090 1223 1100 1234 .
1143 1221 1154 1234 .
1199 1222 1240 1252 .,
1295 1190 1459 1254 quae
1522 1172 1645 1234 hoc
1707 1170 1867 1233 libro
1925 1163 2335 1254 excepimus?
2413 1190 2473 1253 p.
2520 1171 2629 1248 43,
2667 1172 2706 1233 6

344 1281 580 1344 deinde
645 1279 1004 1362 corruptela
1067 1279 1400 1342 inuenitur
1465 1278 1808 1341 eiusmodi:
1872 1271 2130 1340 ‘Omnia
2191 1278 2456 1340 nomina
2518 1278 2582 1339 in
2648 1278 2706 1339 is

340 1388 577 1451 litteris
622 1387 986 1462 terminata,
1046 1404 1210 1467 quae
1258 1372 1475 1448 datiuo
1522 1386 1546 1447 i
1593 1386 1896 1466 exierint,
1953 1403 2214 1448 necesse
2262 1389 2356 1447 est
2405 1385 2707 1467 genetiuo

344 1502 411 1559 et
448 1494 817 1558 accusatiuo
865 1497 1014 1554 ante
1051 1492 1340 1554 ultimam
1380 1494 1401 1554 1
1442 1494 1771 1575 recipiant,
1810 1498 1884 1554 ut
1921 1492 2188 1574 agrestis
2227 1492 2572 1573 agrestium
2597 1542 2608 1553 .
2635 1543 2646 1554 .
2671 1484 2706 1553 ‚³

337 1592 720 1664 ‘Datiuum'
768 1619 882 1682 pro
931 1599 1212 1662 ablatiuo
1258 1601 1535 1682 positum
1580 1618 1720 1663 esse
1760 1619 1905 1662 cum
1946 1619 1980 1662 e
2017 1618 2232 1661 rerum
2273 1617 2527 1661 conexu
2565 1603 2702 1661 tum

341 1729 428 1773 ex
478 1708 794 1789 excerptis
838 1728 894 1791 p.
946 1709 1094 1788 547,
1128 1710 1164 1769 7
1214 1707 1674 1789 cognoscimus,
1731 1706 1843 1768 ubi
1890 1707 2045 1769 haec
2092 1710 2380 1769 exstant:
2447 1698 2706 1767 ‘Omnia

340 1816 629 1896 nomina,
678 1833 843 1897 quae
891 1813 1204 1896 singulari
1251 1813 1531 1875 ablatiuo
1577 1815 1644 1875 in
1693 1815 1716 1875 i
1763 1814 2038 1877 litteram
2085 1814 2349 1893 cadunt,
2396 1813 2552 1875 haec
2600 1812 2707 1875 ad-

343 1923 482 1984 dita
545 1940 657 1984 um
720 1920 968 2001 syllaba
1028 1920 1274 1983 faciunt
1342 1921 1716 2002 genetiuum
1788 1920 2124 2002 pluralem,
2199 1920 2380 1982 uelut
2444 1918 2523 1981 ab
2587 1920 2708 1982 hoc

344 2030 551 2106 omni,
617 2028 848 2091 horum
912 2019 1241 2091 omnium.³
1346 2025 1531 2101 Quod
1600 2031 1872 2109 uterque
1935 2028 2391 2110 grammaticus
2452 2026 2707 2089 diuersa

346 2134 642 2217 exempla
715 2134 1034 2214 exhibuit,
1111 2153 1256 2197 eum
1331 2153 1463 2195 non
1538 2132 1838 2210 offendet,
1915 2135 2028 2216 qui
2103 2133 2427 2216 complura
2490 2132 2706 2195 ubiuis

357 2241 643 2324 exempla
693 2261 730 2302 a
776 2242 1163 2305 Palaemone
1220 2240 1431 2304 adlata
1488 2259 1626 2303 esse
1682 2241 2218 2303 animaduerterit.
2314 2238 2437 2302 Sed
2488 2238 2706 2301 Chari-

358 2348 487 2410 sius
529 2347 910 2430 doctrinam,
972 2368 1119 2412 cum
1168 2367 1333 2430 quae
1380 2353 1761 2430 sequuntur,
1820 2348 2200 2429 oppresserit
2244 2347 2364 2408 hoc
2410 2346 2548 2408 loco
2598 2346 2704 2409 de—

342 2456 661 2539 prauauit.
771 2453 993 2538 Pergit
1074 2455 1244 2519 enim
1329 2460 1662 2538 excerptor
1735 2454 1992 2518 docere:
2074 2446 2403 2517 ‘Ablatiuo
2488 2458 2704 2517 autem

341 2564 664 2646 singulari
710 2581 786 2624 ea
833 2562 1089 2625 demum
1134 2564 1200 2624 in
1248 2564 1273 2624 i
1316 2563 1594 2625 litteram
1645 2562 1900 2643 cadunt,
1950 2580 2113 2644 quae
2152 2564 2516 2625 communia
2553 2568 2707 2625 sunt.

339 2672 542 2733 trium
596 2688 931 2754 generum,
988 2675 1062 2732 ut
1117 2670 1274 2732 felix
1327 2668 1496 2731 felici
1550 2668 1834 2731 felicium
1873 2719 1884 2731 .
1928 2718 1939 2731 .
1980 2720 1995 2734 .
2085 2668 2295 2732 Etiam
2343 2670 2464 2731 alia
2509 2670 2703 2732 trium

338 2795 658 2860 generum
705 2778 963 2838 nomina
1010 2782 1160 2838 sunt
1199 2825 1209 2837 .
1252 2826 1263 2837 .
1306 2826 1316 2837 .
1411 2775 1490 2837 In
1537 2775 1639 2838 his
1686 2780 1900 2839 tamen
1947 2775 2450 2856 obseruabimus,
2494 2776 2703 2858 appel-

334 2885 616 2947 lationes
666 2882 1003 2946 dumtaxat
1049 2885 1104 2945 si
1156 2883 1420 2964 fuerint,
1481 2889 1639 2946 tunc
1695 2882 2051 2946 ablatiuum
2106 2884 2169 2943 in
2219 2884 2242 2945 1
2289 2883 2565 2946 litteram
2612 2883 2702 2944 sa.-

338 3010 504 3054 cere.
598 2989 769 3051 Nam
829 2991 883 3051 si
947 2991 1200 3073 propria
1264 2992 1523 3053 nomina
1583 2990 1851 3071 fuerint,
1914 2996 2071 3053 tunc
2131 2990 2482 3053 ablatiuum
2539 2992 2608 3052 in
2667 3007 2702 3051 e

336 3098 623 3160 litteram
671 3095 903 3159 habere
962 3095 1220 3177 debent,
1277 3101 1350 3159 ut
1395 3096 1605 3160 Felice
1645 3148 1658 3162 .
1699 3148 1709 3159 .
1753 3090 1788 3159 .'
1880 3096 2135 3159 Etenim
2194 3096 2700 3160 obseruationem

337 3207 561 3268 istam:
619 3196 951 3266 ‘Ablatiuo
1001 3208 1216 3265 autem
1257 3254 1268 3265 .
1311 3254 1322 3266 .
1364 3255 1375 3266 .
1423 3204 1706 3266 felicium
1748 3253 1760 3265 .
1802 3254 1812 3265 .
1856 3198 1893 3265 ‚²
1984 3203 2311 3267 Charisius
2356 3204 2542 3286 plane
2588 3223 2701 3265 ne-

337 3312 582 3396 glexit3
643 3329 717 3373 ea
765 3314 1014 3373 autem:
1060 3303 1305 3373 ‘Etiam
1355 3311 1480 3373 alia
1526 3360 1537 3372 .
1580 3360 1591 3372 .
1635 3304 1671 3372 .²
1723 3311 1791 3384 in
1838 3311 2036 3372 alium
2080 3311 2296 3373 locum
2343 3311 2696 3387 transtulit3

338 3418 773 3481 inueniuntur
845 3419 1014 3480 enim
1086 3438 1142 3500 p.
1209 3421 1314 3498 47,
1354 3421 1410 3479 3.
1524 3415 1700 3492 Quos
1768 3417 1945 3480 locos
2024 3417 2316 3499 exhibui,
2394 3419 2697 3499 quoniam

338 3527 628 3588 maxime
675 3523 987 3586 notabiles
1034 3529 1197 3587 sunt.
1295 3524 1484 3588 Unde
1532 3524 1849 3607 conligere
1886 3524 2048 3597 licet,
2098 3544 2222 3607 qua
2257 3525 2502 3587 ratione
2539 3522 2698 3587 Cha—

338 3634 538 3695 risius
587 3650 622 3694 e
657 3631 830 3692 fonte
877 3650 994 3693 suo
1039 3632 1338 3694 hauserit.
1431 3629 1565 3694 Nec
1611 3635 1826 3694 tamen
1866 3634 2081 3695 statim
2120 3632 2508 3714 corruptelas
2546 3633 2697 3696 istas

339 3760 379 3801 a
428 3737 712 3801 Charisio
760 3736 1068 3800 admissas
1125 3756 1261 3800 esse
1308 3739 1621 3801 statueris,
1715 3737 1886 3802 Fieri
1933 3741 2103 3802 enim
2160 3741 2394 3821 potuit,
2454 3744 2527 3801 ut
2569 3740 2699 3802 iam

336 3845 483 3907 fons
529 3844 656 3906 illis
704 3844 918 3907 uerbis
964 3845 1043 3908 ab
1091 3846 1306 3926 aliquo
1364 3850 1591 3909 auctus
1646 3851 1825 3909 esset.
1922 3845 2246 3908 Charisius
2291 3865 2466 3926 uero,
2525 3847 2698 3927 quod

337 3950 735 4033 grammatici
768 3970 915 4013 cum
956 3970 1029 4014 eo
1055 3951 1288 4014 conlati
1318 3952 1679 4032 ostendunt,
1710 3972 1863 4016 suae
1893 3953 2219 4016 doctrinae
2237 3952 2401 4014 nihil
2440 3954 2697 4015 omnino

340 4057 604 4119 addidit.
682 4055 858 4119 Nihil
906 4059 1158 4120 curauit
1194 4077 1348 4121 sane
1384 4060 1716 4140 nonnulla,
1764 4060 1886 4121 alia
1935 4060 2075 4122 aliis
2122 4059 2280 4121 locis
2320 4059 2694 4121 conlocauit.

523 4162 648 4227 Vel
694 4182 777 4227 ex
833 4165 948 4246 his,
1006 4184 1166 4247 quae
1211 4166 1547 4248 percensui
1596 4165 1909 4248 capitibus
1957 4167 2221 4249 planum
2270 4163 2367 4244 fit,
2427 4170 2696 4247 quanto-

340 4289 494 4353 pere
534 4267 918 4333 Remmiana
965 4272 1255 4334 doctrina
1301 4271 1816 4335 circumcidendo
1872 4291 1947 4334 ac
1992 4270 2426 4355 perturbando
2475 4271 2696 4353 depra-

342 4382 495 4440 uata
541 4378 623 4440 sit
669 4398 707 4439 a
745 4377 1043 4441 Charisio.
1139 4377 1305 4453 Quid
1351 4380 1587 4441 mirum
1634 4381 1847 4462 igitur,
1897 4378 2069 4461 quod
2114 4396 2243 4440 non
2290 4395 2428 4439 eam
2476 4382 2695 4440 aucto-
