3197 4992
1552 353 1991 413 —36-

586 534 897 614 impetum
942 529 1131 592 faciat
1176 529 1508 606 nauicu103
1560 528 1673 590 ubi
1719 547 1874 592 uero
1925 529 2128 591 altum
2177 532 2405 591 nactus
2455 534 2575 609 est,
2638 533 2780 592 tum
2832 549 2946 591 na-

587 641 765 722 uigat
810 637 975 700 uelis
1019 636 1203 698 factis
1258 655 1485 717 parum
1534 637 1914 718 respiciens,
1971 655 2131 696 num
2188 639 2443 718 portum
2500 638 2682 698 tutus
2732 637 2947 719 capiat

586 747 652 809 id
710 750 959 808 tantum
1018 743 1207 806 modo
1265 762 1521 823 CuranS,
1578 762 1659 805 ne
1717 743 1861 824 quis
1916 741 2216 823 scopulus
2273 742 2336 802 in
2386 741 2511 803 alto
2562 760 2629 804 se
2684 743 2947 824 erigens

590 854 897 916 damnum
930 850 1051 913 sibi
1091 854 1286 932 paret,
1327 868 1516 931 quem
1556 849 1744 932 plane
1783 848 2328 930 praeteruehitur3
2368 851 2588 930 itaque
2619 849 2699 911 ad
2739 848 2944 911 finem

588 978 863 1042 uergens
912 957 1180 1019 simulac
1226 975 1294 1018 se
1338 956 1596 1038 longius
1641 960 2020 1039 prouectum
2068 973 2205 1017 esse
2252 955 2739 1036 animaduertit,
2806 963 2946 1018 tum

590 1070 795 1130 cessat
842 1084 916 1127 ac
965 1065 1213 1126 desistit
1258 1065 1645 1145 timensque,
1691 1081 1773 1124 ne
1819 1061 2219 1144 longioribus
2267 1061 2644 1144 ambagibus
2690 1064 2948 1144 pericu-

587 1174 723 1236 lnm
793 1171 1044 1251 subeat,
1111 1172 1299 1232 citato
1368 1189 1563 1234 cursu
1620 1170 1848 1232 dextra
1911 1169 2255 1230 sinistraue
2322 1171 2523 1231 caesis
2589 1170 2707 1249 eis,
2782 1188 2948 1250 quae

590 1280 860 1354 obstant,
909 1279 1155 1341 exitum
1207 1279 1469 1359 quaerit.
1511 1315 1594 1322 —
1635 1277 1735 1337 Ac
1784 1294 1863 1338 ne
1913 1276 2058 1357 quis
2105 1293 2206 1336 me
2245 1275 2649 1338 audaciorem
2696 1276 2949 1337 iudicet

587 1389 655 1448 in
733 1384 1097 1448 definienda
1148 1381 1415 1445 Charisii
1478 1382 1948 1446 transcribendi
2005 1383 2249 1444 ratione
2303 1402 2534 1465 parum
2579 1382 2945 1445 uerendum

590 1494 871 1571 uidetur,
918 1492 1287 1573 pracsertim
1337 1511 1504 1572 cum,
1553 1493 1606 1552 si
1657 1491 1762 1552 cui
1810 1488 2052 1569 libebit,
2101 1507 2175 1551 ea
2225 1509 2389 1570 quae
2438 1490 2602 1569 dixi,
2654 1490 2734 1551 de
2787 1487 2947 1550 Cha-

587 1601 742 1662 risio
811 1598 1057 1661 conlato
1125 1617 1271 1660 cum
1337 1603 1709 1679 excerptore
1775 1596 2093 1678 conligere
2158 1597 2280 1678 ipsi
2345 1598 2414 1657 in
2479 1601 2788 1679 promptu
2849 1598 2943 1659 sit.

588 1708 805 1788 Atque
852 1705 1162 1767 hactenus
1211 1704 1287 1765 de
1335 1705 1540 1785 capite
1588 1702 1671 1767 X.

772 1811 949 1886 Quae
1011 1816 1373 1893 sequuntur
1414 1802 1948 1873 ‘Obseruationes
1999 1812 2361 1888 nominum,
2422 1810 2659 1892 quibus
2707 1830 2947 1895 genera

589 1924 652 1983 et
707 1920 960 1981 numeri
1023 1911 1506 1980 discernuntur'
1569 1918 1793 1999 capitis
1849 1916 1952 1979 XI
2009 1937 2065 1999 p.
2117 1919 2219 1997 31,
2251 1920 2568 1998 25—35,
2603 1922 2682 1980 17
2737 1919 2944 1980 maxi-

587 2046 757 2088 mam
814 2031 1058 2108 partem
1107 2043 1189 2086 ex
1237 2026 1430 2086 unius
1478 2025 1905 2106 grammatici,
1967 2022 2324 2086 Cominiani
2372 2025 2536 2086 libro
2587 2026 2943 2107 exscriptas

589 2152 726 2196 esse
772 2130 1257 2194 Schottmueller
1313 2152 1371 2213 p.
1425 2133 1503 2193 19
1554 2131 1780 2211 uoluit,
1828 2137 2274 2213 praeterquam
2325 2132 2497 2213 quod
2547 2131 2942 2194 obseruatio-

587 2259 703 2302 nes
749 2240 1158 2301 intermixtae
1197 2243 1407 2300 essent
1442 2238 1618 2300 haud
1656 2256 1899 2320 paucae
1938 2257 1972 2300 e
2011 2237 2415 2301 Palaemonis
2455 2238 2634 2300 libro.
2725 2240 2944 2319 Atque

590 2350 966 2428 argumenta
1013 2364 1162 2406 cum
1212 2345 1391 2406 nulla
1438 2345 1749 2425 attulerit,
1816 2364 1943 2425 qua
2002 2363 2196 2406 causa
2243 2346 2346 2406 nir
2395 2345 2621 2407 doctus
2669 2347 2754 2408 ad
2805 2365 2940 2408 eam

588 2453 971 2516 seutentiam
1021 2451 1336 2514 adductus
1383 2452 1482 2531 sit,
1528 2470 1657 2515 non
1707 2452 2027 2534 intellego
2115 2451 2314 2516 Cuius
2362 2453 2454 2516 rei
2505 2455 2943 2534 quaestionem

586 2560 965 2643 priusquam
1012 2560 1361 2640 instituam,
1409 2559 1596 2621 liceat
1634 2579 1840 2641 pauca
1886 2562 2305 2642 praemittere.
2357 2578 2520 2642 quae
2565 2562 2633 2621 in
2675 2561 2937 2622 uniuer-

590 2686 734 2729 sum
793 2666 872 2727 de
930 2666 1051 2727 hoc
1108 2665 1562 2727 commentario
1624 2665 1891 2728 dicenda
1945 2667 2272 2731 uidentur.
2374 2665 2590 2748 Longe
2659 2668 2943 2729 maxima

590 2775 761 2836 enim
823 2772 1018 2834 huius
1078 2772 1302 2853 capitis
1367 2791 1512 2854 pars
1573 2775 2053 2836 enumeratione
2115 2775 2518 2853 singulorum
2582 2775 2943 2851 nominum,

591 2898 756 2962 quae
798 2871 1105 2961 ‘pluralia
1142 2884 1204 2941 et
1241 2878 1592 2961 singularia
1632 2875 1915 2941 tantum²
1953 2887 2206 2960 uocant,
2253 2883 2423 2943 iusto
2464 2885 2677 2943 tamen
2717 2880 2944 2943 ordine

588 2986 980 3070 prolatorum
1047 2986 1424 3048 continetur.
1534 2984 1714 3060 Quae
1779 2986 1857 3047 ab
1926 2987 2484 3051 obseruationibus
2550 2986 2940 3069 quibusdam

590 3095 671 3157 ad
718 3094 982 3155 nomina
1027 3091 1493 3174 pertinentibus
1541 3094 1969 3175 excipiuntur.
2045 3094 2322 3157 Easdem
2362 3101 2577 3157 autem
2625 3114 2730 3157 res
2775 3091 2940 3176 apud

592 3206 1030 3282 excerptorem
1102 3220 1158 3281 p.
1218 3202 1792 3280 548,1-551,7
1862 3202 2087 3264 eodem
2155 3202 2380 3264 ordine
2444 3202 2751 3284 reperies,
2819 3198 2941 3261 nisi

593 3307 766 3389 quod
831 3306 1019 3368 modo
1083 3304 1407 3367 Charisius
1472 3306 1661 3369 modo
1730 3315 2063 3390 excerptor
2125 3309 2311 3392 plura
2375 3308 2638 3369 nomina
2701 3305 2942 3388 recepit

591 3413 833 3477 Graeca
872 3432 1030 3476 uoce
1069 3412 1176 3475 uel
1215 3413 1425 3474 adlata
1461 3413 1568 3474 uel
1609 3415 1854 3476 omissa.
1939 3414 2283 3478 Diomedes
2332 3433 2590 3496 quoque
2627 3414 2659 3476 Ι
2698 3436 2755 3497 p.
2796 3415 2939 3490 327,

594 3522 1007 3600 16—328,34
1059 3519 1374 3600 quaedam
1412 3520 1519 3599 eiS,
1569 3540 1734 3601 quae
1783 3521 1859 3583 de
1901 3522 2122 3584 eadem
2171 3542 2240 3584 re
2280 3521 2556 3602 exhibet,
2606 3541 2722 3584 suo
2764 3536 2938 3583 more

589 3627 946 3689 admiscuit.
1011 3664 1093 3670 —
1157 3627 1374 3707 Atque
1432 3626 1723 3688 doctrina
1780 3630 1980 3690 nostri
2039 3631 2478 3692 commentarii
2535 3630 2662 3689 iam
2709 3630 2781 3690 in
2832 3645 2939 3688 ex-

590 3737 791 3795 tremo
829 3734 1039 3816 priore
1070 3733 1272 3815 capite
1302 3733 1583 3794 indicata
1616 3740 1710 3795 est
1747 3734 1918 3797 hisce
1956 3736 2198 3798 uerbis:
2236 3728 2254 3750 ⁶
2276 3735 2613 3818 Completis
2655 3736 2939 3816 quinque

592 3839 893 3902 ordinum
963 3838 1498 3902 declinationibus
1564 3841 1900 3904 ueniamus
1950 3843 2029 3904 ad
2086 3844 2255 3925 ipsas
2321 3843 2658 3905 nominum
2726 3840 2936 3903 obser·

589 3946 913 4027 nationes,
978 3965 1092 4029 per
1158 3966 1317 4028 quas
1374 3964 1611 4028 genera
1675 3952 1736 4009 et
1781 3951 2039 4011 numeri
2087 3942 2585 4012 discernuntur².
2695 3944 2937 4021 Quibus

592 4057 809 4135 aperte
873 4053 1217 4135 respondet
1280 4054 1613 4135 inscriptio
1680 4056 1905 4137 capitis
1969 4054 2097 4117 XI:
2176 4048 2307 4119 ‘De
2379 4050 2935 4118 obseruationibus

592 4160 945 4239 nominum,
995 4159 1232 4241 quibus
1278 4179 1513 4242 genera
1560 4164 1623 4222 et
1669 4162 1924 4223 numeri
1971 4156 2476 4226 discernuntur³.
2563 4160 2738 4236 Quae
2787 4172 2935 4219 uero

590 4272 954 4349 sequuntur
1019 4267 1239 4330 uerba:
1304 4259 1508 4329 ‘Sunt
1574 4266 1889 4348 quaedam
1947 4270 2233 4350 nomina,
2303 4288 2465 4351 quae
2531 4265 2934 4351 singulariter

590 4378 841 4436 tantum
878 4374 1320 4456 proferuntur3
1363 4378 1513 4436 sunt
1552 4377 1615 4435 et
1655 4393 1817 4455 quae
1852 4375 2187 4457 pluraliter
2223 4380 2501 4454 tantun13
2545 4376 2699 4438 haec
2734 4384 2934 4457 paene
