3197 4992
320 516 544 597 tendiS,
604 521 794 600 patet.
889 514 1054 578 Sunt
1099 517 1320 596 etiam,
1385 535 1547 598 quae
1606 515 1744 578 aliis
1799 516 1954 578 locis
2011 513 2388 577 adumbrata
2448 515 2576 576 sint
2623 535 2659 576 a

315 621 687 686 Palaemone
726 623 804 687 cf.
842 643 899 705 p.
945 624 1492 703 182,28:116,2;
1538 624 1998 702 183‚13—24:
2027 622 2519 702 115,38--116,
2548 622 2655 695 123

321 731 454 804 183,
480 730 1401 809 25-184,9:113,22-—25:
1432 731 1577 809 116,
1598 731 1657 790 2.
1732 727 2077 791 Palaemon
2118 727 2289 789 enim
2334 728 2401 788 in
2452 728 2658 810 capite

315 835 455 898 libri
498 836 688 919 primi
736 834 916 916 XVI,
967 854 1095 917 quo
1143 836 1645 918 comparationes
1696 835 2046 918 descriptae
2093 839 2261 914 sunt,
2310 834 2501 896 etiam
2549 833 2656 896 ad-

308 942 542 1023 uerbia,
600 962 729 1025 qua
786 942 1046 1004 formari
1091 947 1366 1023 possent,
1425 941 1709 1004 breuiter
1753 942 2142 1024 perstrinxit.
2245 940 2416 1023 Ergo
2461 941 2657 1002 huius

311 1050 750 1113 commentarii
790 1047 1241 1111 Palaemonem
1278 1054 1605 1111 auctorem
1645 1067 1784 1111 esse
1822 1067 2010 1109 nemo
2057 1066 2184 1109 non
2233 1046 2415 1110 uidit.
2502 1048 2656 1109 Cha-

307 1157 496 1218 risius
571 1160 784 1219 autem
862 1174 1075 1238 neque
1150 1174 1403 1218 omnem
1467 1157 1608 1217 eius
1674 1154 2025 1216 doctrinam
2089 1172 2304 1235 neque
2369 1155 2656 1218 ordinem

305 1263 583 1325 retinuit.
672 1260 1077 1325 Conferenda
1114 1267 1281 1342 sunt,
1324 1281 1486 1343 quae
1525 1261 1604 1324 de
1640 1261 1788 1323 libri
1827 1260 1859 1322 Ι
1907 1262 2111 1343 capite
2148 1259 2281 1322 XV
2320 1261 2656 1343 explicaui.

481 1369 560 1431 In
599 1370 709 1450 eis,
751 1387 915 1451 quae
952 1368 1342 1450 praecedunt
1381 1369 1552 1431 hunc
1592 1370 2139 1449 commentarium,
2184 1367 2655 1449 aduerbiorum,

305 1494 472 1557 quae
511 1494 664 1538 suae
701 1475 1037 1558 positionis
1076 1482 1244 1556 sunt,
1284 1477 1577 1558 singulae
1618 1476 1858 1557 species
1899 1475 2372 1538 discernuntur.
2450 1473 2655 1549 Quam

301 1582 683 1664 particulam
730 1580 1136 1643 Palaemonis
1194 1601 1331 1645 esse
1389 1583 1542 1644 iude
1588 1583 2048 1665 cognoscimuS,
2108 1581 2278 1663 quod
2340 1582 2655 1664 quaedam

303 1689 486 1750 initio
560 1689 955 1770 insequentis
1021 1691 1487 1770 commentarii,
1557 1690 1741 1751 cuius
1808 1694 2134 1752 auctorem
2201 1690 2654 1752 Palaemonem

301 1815 497 1878 supra
545 1796 851 1875 eruimus7
898 1797 1134 1877 pariter
1179 1802 1566 1878 repetuntur.
1671 1795 1915 1858 Eadem
1964 1796 2194 1859 deinde
2243 1796 2535 1858 doctrina
2582 1815 2656 1857 ac
2727 1872 2746 1887 ⁶

301 1902 629 1984 dispositio
676 1904 1103 1964 inueniuntur
1146 1903 1215 1963 in
1265 1904 1374 1981 eis,
1423 1923 1458 1965 a
1508 1903 1748 1984 quibus
1796 1913 1984 1985 caput
2031 1903 2381 1966 exorditur.
2478 1900 2656 1976 Quae

304 2007 683 2071 Cominiano
731 2029 767 2071 a
817 2008 1104 2071 Charisio
1153 2010 1481 2072 uindicata
1528 2016 1695 2073 sunt.
1801 2009 1924 2073 Sed
1974 2011 2279 2092 quoniam
2334 2010 2491 2073 haec
2540 2011 2654 2072 Oo-

301 2116 568 2177 miniani
607 2116 921 2198 particula
962 2134 1110 2177 cum
1149 2115 1567 2198 subsequenti
1609 2117 2013 2180 Palaemonis
2051 2117 2340 2179 doctrina
2380 2136 2654 2199 congru-

299 2223 362 2302 it,
423 2220 876 2284 Cominianum
923 2221 1329 2285 Palaemonis
1390 2223 1632 2285 librum
1693 2224 1905 2287 denuo
1967 2242 2304 2306 usurpasse
2361 2228 2651 2305 apertum

298 2335 407 2391 est.
503 2327 687 2392 Duae
732 2349 887 2393 uero
936 2330 1095 2392 istae
1142 2331 1490 2413 particulae
1548 2350 1622 2393 eo
1670 2335 1923 2393 tantum
1972 2329 2303 2410 dissident,
2364 2328 2536 2410 quod
2581 2329 2652 2390 in

299 2454 387 2513 ea,
434 2455 625 2518 quam
666 2434 1037 2499 Palaemoni
1076 2436 1553 2521 adscripsimus,
1591 2438 1777 2520 plura
1814 2437 2109 2520 exempla
2147 2434 2432 2499 exhibita
2470 2439 2649 2513 sunt3

297 2550 520 2605 contra
607 2542 1022 2607 Cominianus
1106 2546 1616 2628 uniuscuiusque
1707 2546 1938 2627 speciei
2023 2544 2278 2626 singula
2359 2542 2655 2625 exempla

295 2651 542 2713 asciuit.
650 2649 951 2713 Definitio
1024 2657 1239 2714 autem
1300 2651 1592 2714 aduerbii
1660 2673 1696 2714 a
1760 2651 2135 2714 Cominiano
2197 2650 2440 2732 prolata
2500 2649 2653 2711 haec

296 2761 419 2836 est,
496 2776 688 2838 quam
754 2778 790 2818 a
856 2756 1241 2821 Palaemone
1309 2778 1375 2821 se
1442 2760 1789 2841 sumpsisse
1858 2757 2201 2821 Diomedes
2273 2778 2327 2839 p.
2395 2757 2649 2836 403,17

295 2862 649 2925 adseuerat.
1020 2858 1026 2864 ’

477 2968 719 3050 Prima,
768 2992 957 3053 quarn
1007 2974 1195 3055 posui
1240 2991 1385 3053 pars
1434 2991 1489 3053 p.
1536 2974 1681 3052 186,
1716 2974 1801 3035 30
1831 2974 2051 3052 -189,
2074 2973 2159 3033 24
2208 2990 2281 3033 eo
2330 2989 2651 3033 commen-

296 3078 455 3138 tario
517 3078 856 3159 excipitur,
923 3098 1113 3160 quem
1180 3078 1673 3141 Schottmueller
1738 3101 1794 3161 p.
1848 3081 1884 3140 8
1953 3077 2325 3139 Palaemoni
2390 3077 2648 3153 tribuit3

297 3203 463 3265 quae
508 3203 623 3266 per
669 3204 737 3246 se
784 3186 938 3247 satis
984 3184 1167 3247 firma
1215 3190 1381 3247 sunt.
1476 3185 1653 3247 Inter
1699 3187 1895 3248 nostri
1946 3189 2160 3246 autem
2209 3185 2652 3246 commentarii

296 3294 358 3351 et
435 3308 602 3371 eam,
681 3311 843 3373 quae
917 3294 1119 3375 praeit
1195 3292 1549 3354 doctrinam
1625 3293 1782 3355 haec
1862 3291 2216 3353 differentia
2297 3289 2650 3370 intercedit,

297 3396 472 3479 quod
515 3398 581 3459 in
632 3398 1066 3481 superioribus
1112 3400 1445 3481 particulis
1492 3397 1815 3478 aduerbia,
1863 3416 2027 3480 quae
2071 3389 2257 3460 ‘suae
2295 3390 2651 3479 positionis'

296 3509 448 3566 sunt
503 3509 566 3567 et
623 3524 786 3587 quae
854 3505 931 3567 ab
991 3505 1131 3568 aliis
1193 3511 1550 3586 transeunt,
1612 3504 1998 3587 generaliter
2065 3504 2400 3566 inlustrata
2464 3508 2645 3579 sunt3

296 3612 366 3672 in
438 3612 558 3673 hoc
636 3630 789 3674 uero
869 3615 1322 3676 commentario
1401 3612 1657 3695 singula
1730 3613 2090 3674 accuratius
2166 3614 2646 3694 percensentur3

299 3736 463 3797 quae
525 3736 1009 3800 nonnumquam
1080 3719 1412 3782 euidenter
1476 3718 1555 3781 ad
1622 3701 1895 3801 priorem
1961 3718 2312 3781 doctrinam
2385 3718 2649 3800 respici-

296 3829 427 3885 unt.
519 3824 952 3886 Inueniuntur
998 3827 1218 3906 etiam,
1278 3845 1442 3909 quae
1498 3826 1568 3886 in
1616 3824 1764 3886 libri
1815 3824 1843 3886 I
1892 3827 2096 3908 capite
2143 3824 2308 3887 XVI
2357 3831 2650 3887 enarrata

299 3931 444 3992 sint.
463 3929 510 4013 1)

475 4196 518 4265 ¹)
574 4195 691 4250 Hoc
744 4194 860 4250 loco
912 4213 1017 4249 non
1064 4199 1450 4265 praetereunda
1503 4198 1787 4264 uidentur,
1845 4213 1981 4264 quae
2027 4214 2077 4263 p.
2123 4201 2238 4262 189,
2281 4201 2311 4248 6
2359 4196 2646 4263 leguntur:

296 4277 470 4338 ‘Inter
506 4285 759 4339 aduerbia
785 4287 997 4339 numeri
1032 4286 1165 4339 haec
1197 4303 1409 4354 quoque
1442 4285 1532 4338 alii
1562 4288 1898 4339 adiecerunt:
1947 4287 2078 4354 quot
2115 4288 2209 4347 tot,
2250 4287 2509 4354 quotquot
2546 4285 2643 4338 ali-

301 4376 455 4440 quot3
496 4390 634 4442 quae
672 4375 751 4429 ita
788 4376 961 4443 posita
985 4375 1122 4428 inter
1149 4376 1403 4429 aduerbia
1432 4392 1537 4428 non
1576 4379 1659 4429 est
1683 4378 1897 4429 nostrae
1932 4375 2319 4428 aestimationis
2344 4375 2643 4441 reprobare.
