3197 4992
1249 401 1689 462 -65—

286 582 609 663 permotus
648 597 809 658 sum,
854 582 928 639 ut
964 581 1168 640 totum
1208 581 1398 660 caput
1443 596 1525 640 ex
1571 596 1701 639 uno
1737 577 1910 639 fonte
1948 575 2217 639 fluxisse
2255 577 2636 649 existimem,

288 687 443 748 haec
489 689 598 747 est.
682 683 819 746 Iam
867 684 944 746 ab
985 684 1167 746 initio
1217 686 1441 767 capitis
1481 686 1571 747 sic
1612 685 2001 767 disponitur:
2049 675 2299 745 ‘Verbo
2338 682 2642 744 accidunt

290 791 566 874 qualitas
612 800 817 874 genus
864 789 1071 873 figura
1117 810 1423 854 numerus
1459 791 1691 853 modus
1738 796 1988 873 tempus
2024 809 2295 872 persona
2340 789 2640 870 coniuga-

290 891 425 962 tio'.
522 896 698 972 Quae
738 897 1064 980 dispositio
1110 917 1225 981 per
1270 903 1474 961 totum
1524 904 1716 980 caput
1761 903 2029 961 tenetur.
2104 894 2421 978 Deinceps
2468 896 2641 956 enim

286 998 696 1068 ‘accidentia'
743 1004 1084 1066 uerborum
1134 1006 1258 1067 ista
1306 1004 1706 1067 definiuntur
1753 1009 1816 1066 et
1862 1004 2282 1086 explicantur.
2377 1000 2502 1064 Sed
2549 1002 2643 1064 eis

290 1109 606 1195 partibuS,
683 1130 848 1192 quae
923 1113 1204 1173 maxime
1278 1110 1619 1194 ambiguae
1692 1112 2023 1189 uidentur,
2098 1111 2312 1172 statim
2376 1109 2642 1171 aliorum

292 1217 857 1301 grammaticorum
904 1219 1260 1281 sententiae
1299 1219 1696 1281 adseruntur.
1761 1238 1819 1300 p.
1863 1219 2113 1298 164,22
2155 1216 2386 1279 deinde
2424 1220 2646 1278 auctor

294 1324 522 1406 capitis
561 1343 743 1387 suam
781 1325 983 1407 ipsius
1024 1324 1100 1387 de
1137 1324 1485 1408 generibus
1523 1326 1902 1387 sententiam
1940 1324 2199 1408 profert:
2250 1316 2645 1386 ‘Verborum

293 1424 583 1514 genera²,
647 1432 888 1513 inquit,
952 1424 1140 1494 ‘sunt
1205 1434 1522 1514 quinque:
1603 1432 1889 1494 actiuum
1955 1432 2284 1513 passiuum
2347 1433 2647 1491 neutrum

293 1557 640 1600 commune
680 1533 1049 1620 deponens³.
1112 1539 1278 1601 Aliis
1311 1538 1588 1620 quidem,
1627 1540 1732 1619 ait,
1774 1544 2077 1619 quattuor
2115 1537 2220 1600 uel
2259 1539 2380 1599 tria
2412 1555 2648 1618 genera

290 1645 449 1727 poni
479 1644 812 1727 placuisse.
900 1645 1116 1727 Atque
1163 1646 1620 1729 grammaticus
1667 1650 2021 1726 postquam,
2072 1664 2200 1726 qua
2247 1646 2492 1707 ratione
2539 1643 2646 1705 alii

296 1758 603 1833 quattuor
639 1755 699 1813 et
734 1753 856 1814 tria
895 1770 1129 1834 genera
1166 1751 1505 1832 traderent,
1544 1753 1912 1834 explicauit,
1962 1773 2019 1834 p.
2057 1752 2306 1832 168,19
2346 1750 2427 1812 ad
2465 1770 2650 1813 suam

293 1858 693 1940 superiorem
721 1859 1100 1920 sententiam
1131 1857 1351 1919 eadem
1371 1858 1681 1940 exempla,
1731 1877 1894 1939 quae
1923 1878 2115 1940 supra
2145 1858 2437 1920 adferens
2468 1857 2649 1919 redit.

294 1964 639 2027 Praeterea
687 1963 876 2026 dictio
933 1984 1047 2046 per
1099 1970 1305 2027 totum
1362 1970 1554 2047 caput
1611 1964 1829 2026 eadem
1886 1970 1996 2027 est.
2095 1962 2265 2047 Ergo
2325 1964 2651 2046 dispositio

292 2072 525 2153 capitis
564 2077 658 2133 est
696 2074 948 2154 optima.
1045 2070 1228 2145 Quod
1278 2073 1583 2153 quoniam
1633 2070 2110 2154 comprobatum
2161 2075 2256 2133 est
2301 2071 2420 2132 hoc
2466 2073 2654 2151 caput

293 2197 386 2240 ex
426 2197 558 2240 uno
596 2177 756 2239 libro
803 2184 1127 2261 sumptum
1174 2197 1327 2258 esse,
1376 2198 1552 2241 nunc
1603 2179 1888 2260 quaestio
1940 2184 2059 2257 est,
2107 2177 2281 2240 unde
2329 2176 2655 2239 Charisius

295 2285 661 2347 doctrinam
726 2286 1051 2365 receperit.
1164 2286 1412 2347 Auctor
1471 2291 1682 2348 autem
1740 2305 1800 2367 p.
1848 2287 2219 2366 249,1--4
2282 2289 2342 2346 et
2397 2304 2455 2366 p.
2505 2285 2654 2363 254,

302 2393 478 2453 1—2
530 2389 1037 2472 deprehenditur.
1128 2391 1226 2454 Ibi
1276 2394 1465 2471 enim,
1515 2392 1688 2474 quod
1734 2394 1862 2454 iam
1908 2412 2102 2474 supra
2147 2412 2206 2473 p.
2248 2393 2331 2453 26
2381 2411 2473 2472 sq.
2523 2410 2656 2453 me-

297 2500 582 2578 moraui,
640 2496 987 2561 Palaemon
1043 2501 1113 2560 in
1171 2502 1262 2562 eis
1323 2499 1677 2583 particulis,
1736 2519 1896 2582 quas
1944 2498 2432 2561 Schottmueller
2461 2565 2462 2568 ,
2487 2505 2656 2561 certo

298 2611 684 2688 argumento
742 2607 799 2667 ei
856 2606 1107 2686 tribuit,
1162 2607 1283 2669 hoc
1339 2612 1532 2689 caput
1592 2611 1666 2668 ut
1722 2626 1912 2667 suum
1971 2605 2259 2686 designat
2313 2608 2660 2688 respiciens

301 2712 389 2774 ad
435 2711 789 2774 doctrinam
836 2732 1017 2775 suam
1063 2734 1118 2796 p.
1164 2715 1592 2795 165,23—25
1643 2718 1704 2775 et
1749 2733 1806 2795 p.
1852 2713 1995 2792 166,
2049 2713 2305 2774 16-22
2347 2712 2657 2774 traditam.

306 2818 571 2880 Constat
637 2825 849 2881 autem
915 2819 1364 2883 Palaemonem
1428 2821 1497 2882 in
1562 2819 1783 2899 rebus,
1865 2837 2030 2900 quae
2093 2819 2162 2880 in
2227 2821 2660 2881 controuersia

305 2931 679 3001 uersantur,
753 2926 1026 2988 aliorum
1100 2927 1581 3008 diligentissime
1654 2927 1969 2987 rationem
2033 2925 2347 2989 habuisse.
2462 2926 2661 2989 Porro

306 3031 568 3093 dicendi
605 3051 812 3109 genus
859 3033 926 3094 id
967 3039 1077 3114 est,
1128 3033 1299 3115 quod
1348 3052 1539 3114 supra
1575 3033 2005 3114 patefecimus.
2090 3031 2394 3095 Notiones
2433 3033 2662 3095 deinde

310 3137 496 3199 uerbi
535 3137 829 3219 singulae
874 3140 1109 3221 pariter
1156 3147 1346 3221 atque
1393 3140 1671 3201 nominis
1719 3144 1781 3200 ct
1827 3140 2220 3220 pronominis
2260 3140 2662 3220 superiorum

309 3245 591 3326 capitum
630 3244 1029 3308 definiuntur
1076 3252 1138 3308 et
1184 3245 1813 3308 circumscribuntur.
1907 3247 2124 3327 Atque
2162 3246 2663 3328 grammaticum,

309 3351 426 3412 ubi
493 3350 765 3412 aliorum
843 3355 1190 3415 sententias
1265 3353 1524 3435 profert,
1612 3354 1803 3414 etiam
1877 3353 2017 3415 aliis
2086 3350 2663 3433 significationibus

313 3476 505 3519 usum
554 3475 693 3519 esse
740 3476 926 3520 nemo
976 3461 1257 3522 miretur.
1355 3458 1564 3534 Quare
1613 3458 2124 3521 Schottmuelleri
2171 3459 2482 3520 sententia
2539 3477 2667 3539 qua

312 3584 370 3645 p.
419 3566 496 3625 15
538 3582 631 3643 ea,
680 3584 843 3645 quae
891 3586 947 3646 p.
1002 3568 1429 3647 164,13—26
1467 3566 1788 3648 leguntur,
1838 3587 1872 3626 a
1920 3564 2296 3627 Cominiano
2345 3569 2482 3626 orta
2529 3583 2665 3626 esse

316 3671 584 3750 censuit,
631 3670 850 3732 ualida
897 3691 1025 3733 non
1067 3679 1176 3735 est.
1275 3672 1441 3734 Nam
1491 3675 1602 3755 qui
1644 3675 1893 3755 possint
1933 3674 2010 3735 ab
2055 3673 2177 3734 alio
2221 3692 2344 3753 quo
2392 3671 2670 3754 profecta

316 3777 543 3857 uideri,
595 3796 759 3858 quae
806 3797 921 3859 per
966 3784 1172 3841 totum
1210 3786 1403 3862 caput
1439 3786 1878 3842 sustententur
1916 3788 1978 3842 et
2012 3781 2079 3840 in
2118 3779 2246 3841 fine
2284 3783 2668 3861 repetantur.

499 3881 679 3956 Quae
728 3890 1091 3965 sequuntur
1129 3885 1256 3948 duo
1305 3888 1509 3968 capita
1552 3881 1933 3948 ‘uerborum
1983 3879 2270 3948 ordines'
2318 3903 2672 3966 eorumque

323 3988 782 4051 declinationes
830 3992 1175 4054 continent.
1272 3991 1448 4066 Quae
1496 3994 1782 4055 maxima
1830 4012 1912 4054 ex
1960 3998 2135 4074 parte
2185 3991 2673 4052 Schottmueller

319 4086 551 4157 ‘uelut'
602 4097 1052 4159 coniunctione
1098 4101 1440 4181 praecipue
1477 4101 1679 4162 nixus
1716 4098 2084 4161 Palaemoni
2132 4095 2512 4172 uindicauit3
2565 4099 2672 4158 cui

325 4200 665 4265 adsentior.
757 4204 977 4286 Atque
1032 4204 1218 4286 plura
1266 4205 1514 4267 adferre
1572 4210 1948 4287 argumenta
2004 4222 2162 4285 opus
2208 4203 2338 4265 fere
2384 4222 2509 4264 non
2561 4208 2672 4282 est,

326 4310 693 4387 praesertim
744 4328 891 4371 cum
937 4311 1065 4371 uiri
1113 4309 1307 4390 docti,
1372 4311 1540 4391 quod
1601 4312 1905 4391 uiderim,
1963 4310 2080 4371 hac
2135 4328 2204 4372 re
2251 4308 2343 4370 illi
2391 4328 2674 4371 accesse-

329 4414 465 4476 rint.
563 4413 771 4489 Quare
829 4415 908 4477 ad
960 4416 1556 4478 Schottmuellerum
1615 4418 1684 4478 in
1732 4417 1850 4497 eis,
1912 4435 2076 4497 quae
2132 4421 2388 4497 propter
2430 4407 2677 4478 ‘uelut'

2323 4538 2352 4571 O
