3197 4992
1465 348 1908 409 ..38-

516 528 800 590 doctrina
847 530 991 609 apte
1038 525 1344 587 cohaeret.
1418 524 1544 588 Vel
1591 525 1742 587 inde
1790 529 1853 587 et
1900 524 2205 606 quoniam
2253 527 2589 606 excerptor
2633 543 2691 605 p.
2723 524 2875 597 551,

514 635 795 697 32-38
863 631 1112 695 easdem
1183 631 1440 714 regulas
1507 631 1729 695 eodem
1798 631 2020 693 ordine
2086 632 2450 714 occupauit,
2517 627 2876 692 Charisium

514 759 640 801 non
690 740 757 801 in
804 739 1004 801 alium
1051 758 1124 801 ac
1163 737 1568 801 Palaemonis
1614 737 1853 800 librum
1897 738 2261 820 inspexisse
2307 736 2668 800 concludas
2744 737 2876 798 Ac-

517 846 709 928 cedit,
778 845 951 929 quod
1017 845 1093 906 de
1156 844 1351 907 huius
1417 845 1645 927 capitis
1713 845 2000 907 doctrina
2065 845 2427 908 accuratius
2487 864 2560 906 ac
2621 843 2877 927 plenius

515 953 887 1035 eisdemque
931 951 1061 1014 fere
1109 950 1328 1013 uerbis
1375 972 1432 1034 p.
1479 954 1624 1033 155,
1652 952 1929 1015 10-21
1979 952 2048 1013 111
2095 950 2502 1014 Palaemonis
2550 968 2877 1013 commen-

516 1061 698 1142 tariO,
749 1079 943 1143 quem
993 1058 1299 1140 deinceps
1348 1057 1716 1139 dissoluer0‚
1767 1058 2156 1142 disputatum
2202 1062 2309 1121 est.

694 1167 900 1250 Caput
943 1164 1109 1230 XIV
1156 1186 1213 1248 p.
1264 1166 1367 1245 38,
1402 1166 1647 1245 1-50,
1678 1167 1736 1246 6,
1785 1166 1891 1227 0111
1933 1157 2068 1228 ‘De
2107 1165 2525 1227 nominatiuis
2562 1164 2644 1226 ad
2680 1182 2876 1246 regu—

517 1274 647 1337 lam
692 1267 994 1337 redactis'
1041 1273 1270 1335 titulus
1318 1276 1430 1353 est,
1479 1290 1562 1335 ex
1609 1270 1861 1335 duobus
1906 1271 2355 1353 grammaticiS,
2406 1290 2678 1352 quorum
2716 1271 2880 1333 alter

511 1379 862 1444 Palaemon
918 1385 1108 1461 esset,
1175 1383 1466 1442 coactum
1533 1397 1671 1441 esse
1739 1376 2225 1441 Schottmueller
2290 1399 2346 1461 p.
2407 1380 2487 1440 19
2546 1377 2874 1439 iudicauit

514 1489 701 1569 eique
749 1492 951 1549 certas
1009 1487 1317 1567 quasdam
1363 1485 1709 1568 particulas
1756 1491 2013 1567 propter
2057 1476 2301 1547 ‘uelut'
2349 1485 2872 1547 coniunctionem

511 1593 754 1656 tribuit.
850 1592 968 1654 Cui
1025 1592 1312 1673 opinioni
1368 1593 1578 1653 statim
1637 1592 1703 1653 id
1763 1591 2107 1654 obiecerim
2170 1591 2484 1654 nonnulla
2549 1609 2869 1653 commen-

513 1701 660 1762 tarii
704 1703 1041 1782 praecepta
1098 1702 1230 1760 arte
1288 1716 1535 1759 conexa
1592 1698 1920 1779 particulis
1976 1698 2123 1779 11118,
2192 1718 2351 1780 quas
2414 1698 2581 1760 dixit
2625 1697 2875 1761 Schott-

511 1806 800 1888 mueller,
857 1806 1091 1869 excisis
1150 1804 1339 1886 plane
1386 1803 1578 1885 diripi
1626 1824 1700 1866 ac
1748 1804 2098 1868 dilacerari
2136 1806 2408 1887 uerique
2467 1803 2869 1867 similitudini

513 1932 775 1996 prorsus
828 1931 1205 1996 repugnare,
1274 1910 1445 1992 quod
1503 1913 1749 1993 statuis,
1814 1916 2154 1994 praecepta
2218 1911 2331 1973 illa
2396 1916 2524 1973 tam
2591 1917 2735 1994 apte
2792 1930 2874 1974 ex

516 2019 770 2082 duobus
815 2019 1250 2102 grammaticis
1306 2023 1608 2080 contexta
1666 2019 1870 2082 uideri
1918 2040 1956 2081 a
2005 2018 2312 2081 Charisio.
2406 2016 2606 2080 Miror
2642 2022 2876 2089 autem,

516 2124 689 2208 quod
736 2127 842 2187 uir
888 2125 1112 2187 doctus
1160 2126 1228 2186 in
1268 2125 1384 2187 hoc
1431 2144 1564 2187 non
1604 2125 1885 2205 offendit,
1935 2124 2108 2207 quod
2157 2125 2509 2188 nonnullae
2559 2143 2876 2188 commen-

514 2233 659 2295 tarii
705 2233 985 2315 regulae,
1034 2234 1087 2295 si
1132 2251 1262 2294 non
1311 2232 1536 2295 eodem
1585 2251 1837 2295 conexu
1885 2237 2100 2295 tamen
2149 2233 2387 2295 eisdem
2437 2232 2751 2315 exemplis
2801 2251 2874 2294 ac

510 2339 642 2402 fere
706 2339 923 2402 uerbis
986 2341 1056 2402 in
1120 2337 1560 2421 superioribus
1627 2338 1945 2420 capitibus
2007 2339 2289 2421 prolatae
2355 2347 2509 2403 sunt
2572 2344 2635 2402 et
2702 2338 2874 2421 quod

513 2452 736 2510 auctor
781 2447 861 2510 ad
901 2465 991 2528 ea,
1040 2465 1207 2530 quae
1246 2466 1440 2529 supra
1475 2446 1864 2526 tractauerit,
1912 2452 2125 2529 aperte
2162 2466 2280 2510 nos
2316 2448 2597 2511 remittit.
2660 2444 2864 2522 Quam

510 2553 580 2614 in
627 2572 762 2615 rem
811 2552 1097 2615 conferas
1143 2553 1372 2616 uelim:
1419 2573 1477 2635 p.
1529 2554 1633 2633 38,
1669 2555 2368 2635 1-8ε28,12-15;
2412 2555 2865 2635 38,12-17;

513 2661 946 2742 25,15-25;
988 2661 1860 2743 38,18-21;26,11-24;
1900 2662 2004 2741 38,
2026 2662 2545 2742 22-39,5;29,
2566 2661 2864 2722 25-27;

513 2766 618 2845 40,
644 2767 1338 2846 13--16129,2—7;
1380 2768 2380 2846 41‚1—15:19‚15—2o‚17;
2421 2767 2863 2848 4o,'16—-23:

513 2873 859 2947 23,1-7;
900 2875 1816 2954 42,22—28:33‚25—34,
1843 2874 1957 2952 103
1998 2875 2863 2955 44,21—-3o:21,8—17;

512 2980 1292 3060 46,1-10;24,1--18;
1335 2982 1441 3055 48,
1470 2981 2177 3060 1—-16128,17—21;
2216 2982 2398 3044 item:
2449 3001 2506 3063 p.
2541 2982 2866 3062 39,1:35,

513 3087 627 3165 213
669 3088 879 3168 42,22
905 3108 917 3148 :
943 3088 1171 3169 33,25.
1263 3088 1352 3149 At
1395 3088 1517 3150 hae
1562 3088 1915 3170 particulae
1960 3088 2191 3169 partim
2238 3106 2453 3150 earum
2506 3094 2673 3168 s‘unt,
2710 3107 2867 3169 quas

512 3191 1000 3257 Schottmueller
1045 3214 1240 3277 supra
1280 3193 1644 3256 Palaemoni
1691 3194 2046 3277 adscripsit,
2092 3196 2163 3255 in
2209 3197 2423 3255 nostro
2471 3214 2626 3257 uero
2665 3195 2866 3276 capite

511 3298 593 3361 ab
643 3318 715 3361 eo
765 3300 1174 3364 abiudicauit.
1253 3300 1440 3376 Quod
1478 3301 1622 3363 uiro
1672 3300 1856 3363 docto
1905 3300 2212 3364 accidisse
2258 3299 2517 3363 uidetur
2558 3319 2648 3383 e0,
2696 3300 2864 3384 quod

509 3406 578 3467 in
635 3408 1071 3489 superioribus
1127 3407 1445 3490 capitibus
1499 3400 1749 3470 ‘uelut'
1813 3408 2183 3471 coniunctio
2242 3408 2550 3490 exemplis
2603 3426 2866 3490 praepo-

508 3514 657 3589 sita,
721 3514 785 3574 in
852 3514 973 3576 hoc
1038 3516 1491 3577 commentario
1558 3515 1794 3577 omissa
1859 3520 1969 3577 est.
2072 3516 2160 3577 At
2221 3514 2669 3577 Palaemonem
2733 3532 2862 3575 non

509 3639 760 3703 semper
815 3612 1061 3683 ‘uelut’
1128 3621 1579 3683 coniunctione
1643 3640 1839 3683 usum
1903 3641 2039 3685 esse
2104 3624 2257 3685 satis
2322 3640 2701 3704 persuasum
2754 3618 2864 3680 ha-

509 3725 754 3789 bemus.
848 3726 994 3789 Hoc
1040 3731 1252 3789 autem
1299 3731 1492 3809 caput
1539 3748 1576 3790 a
1620 3726 2007 3791 Palaemone
2056 3733 2263 3790 ortum
2312 3746 2448 3791 esse
2496 3732 2558 3790 et
2595 3746 2629 3789 e
2668 3725 2866 3788 disse-

509 3831 695 3894 rendi
743 3834 988 3895 ratione
1035 3838 1097 3896 et
1145 3853 1179 3896 e
1234 3833 1392 3897 locis
1450 3834 1596 3917 illis,
1656 3855 1817 3918 quos
1874 3836 2136 3916 contuli,
2199 3835 2645 3917 intellegimus,
2739 3830 2864 3895 Sed

513 3937 838 4003 Charisius
884 3959 1096 4023 neque
1135 3940 1422 4004 ordinem
1461 3962 1499 4005 a
1534 3942 1916 4006 Palaemone
1952 3943 2318 4005 institutum
2354 3941 2617 4004 retinuit
2652 3957 2865 4021 neque

507 4046 765 4129 plenam
811 4049 1067 4111 omnino
1118 4048 1476 4111 doctrinam
1520 4049 1775 4132 recepit.
1869 4048 2035 4112 Nam
2086 4050 2247 4132 quin
2292 4050 2413 4111 hoc
2463 4066 2717 4130 quoque
2761 4065 2864 4108 ca-

507 4157 627 4236 put
687 4155 852 4218 sicut
915 4154 983 4217 X
1045 4155 1404 4219 litterarum
1467 4162 1530 4220 et
1606 4156 2010 4239 singularum
2083 4157 2581 4219 declinationum
2645 4153 2867 4215 ordine

510 4259 828 4342 digestum
884 4262 1102 4344 fuerit,
1168 4263 1447 4326 dubitari
1513 4263 1774 4326 omnino
1840 4282 1971 4325 non
2032 4268 2240 4347 potest
2298 4266 2358 4325 et
2414 4281 2496 4325 ex
2552 4260 2869 4343 excerptis

510 4387 567 4450 p.
619 4370 766 4450 537,
802 4372 881 4432 15
921 4390 1050 4449 sqq.
1098 4369 1166 4433 id
1213 4368 1643 4433 confirmatur.
1739 4368 2065 4432 Charisius
2113 4373 2328 4431 autem
2375 4387 2612 4451 paucas
2659 4367 2868 4429 nomi-
