3197 4992
1273 326 1712 386 -.79-Β

323 523 373 584 [1.
425 487 567 583 152,
612 503 943 582 lom-157,
982 504 1066 564 22
1117 501 1715 583 deprehenduntur;
1765 503 1916 563 item
1971 520 2136 583 quae
2181 522 2237 584 p.
2289 504 2436 582 537,
2481 504 2658 564 15-

322 611 462 689 544,
506 611 605 683 11,
661 609 726 669 in
777 607 1046 670 Charisii
1099 608 1246 670 libri
1292 608 1324 670 Ι
1372 610 1577 691 capite
1623 606 1692 670 X
1749 628 1804 690 p.
1860 609 1958 688 18,
2002 610 2236 688 7—-31,
2275 610 2377 671 24.
2472 608 2661 672 Prae-

317 721 490 797 cepta
534 735 591 797 p.
632 717 780 794 544,
826 716 1165 795 12-547,
1205 718 1288 779 39
1338 716 1655 778 exstantia
1702 715 1894 796 capiti
1942 712 2108 778 XIV
2157 716 2443 779 eiusdem
2501 715 2661 779 Cha-

322 822 539 883 risiani
584 821 729 883 libri
774 841 831 903 p.
875 823 978 897 38,
1022 824 1264 903 1-50,
1296 825 1334 885 6
1375 822 1796 903 respondent3
1861 821 2292 884 adhibendum
2339 829 2433 885 est
2471 825 2659 886 etiam

315 934 499 1011 caput
553 928 715 990 illud
771 926 853 990 X.
960 926 1135 1002 Quae
1190 928 1339 989 inde
1401 949 1449 995 a,
1499 949 1557 1011 p.
1608 930 1756 1007 548,
1810 930 2097 1005 1-551,
2141 933 2175 991 7
2237 930 2660 1010 proferuntur,

314 1054 456 1098 cum
513 1034 664 1097 libri
713 1033 981 1096 Charisii
1028 1033 1060 1095 I
1108 1035 1308 1116 capite
1354 1033 1457 1096 XI
1503 1056 1560 1117 p.
1614 1037 1716 1116 31,
1756 1037 2061 1116 25-35,
2105 1038 2182 1098 17
2236 1038 2657 1099 consentiunt.

315 1140 686 1225 Sequuntur
744 1133 1182 1223 ‘monoptota'
1247 1162 1304 1223 p.
1365 1144 1522 1221 551,
1572 1143 1853 1222 8--31,
1921 1161 2085 1224 quae
2151 1143 2371 1205 eodem
2437 1143 2661 1205 ordine

313 1248 635 1312 Charisius
681 1250 751 1310 in
800 1254 986 1330 caput
1030 1246 1163 1309 XlI
1208 1268 1268 1330 p.
1317 1250 1420 1325 35,
1467 1249 1760 1325 18-37,
1805 1253 1840 1311 7
1890 1250 2230 1312 transtulit.
2327 1248 2502 1324 Quae
2551 1268 2659 1312 ex-

311 1357 637 1438 cipiuntur
680 1354 1204 1437 hypocorismatis
1265 1375 1321 1437 p.
1372 1358 1520 1436 551,
1561 1358 1741 1418 32--
1761 1357 1844 1419 38
1894 1376 1960 1418 se
2008 1356 2443 1435 offerentibus3
2504 1357 2659 1419 haec

313 1481 569 1544 quoque
626 1460 952 1524 Charisius
1014 1462 1235 1524 eodem
1297 1462 1519 1524 ordine
1573 1464 1642 1523 in
1704 1468 1895 1545 caput
1949 1462 2116 1525 XIII
2170 1484 2227 1546 p.
2289 1466 2391 1543 37,
2432 1465 2657 1526 8—18

309 1569 724 1650 transcripsit.
815 1568 951 1631 Iam
1008 1568 1159 1631 inde
1218 1588 1254 1629 a
1308 1588 1365 1650 p.
1416 1572 1573 1645 551,
1615 1571 1971 1650 39-554,
2011 1572 2093 1633 33
2154 1569 2231 1632 ab
2292 1575 2660 1653 excerptore

305 1677 569 1737 nomina
632 1674 946 1754 Romana,
1014 1693 1178 1755 quae
1242 1676 1408 1757 apud
1477 1676 1751 1740 Graecos
1809 1677 1931 1738 alio
1989 1695 2223 1758 genere
2280 1677 2658 1760 funguntur,

304 1781 659 1844 litterarum
707 1781 928 1843 ordine
976 1787 1336 1844 exarantur.
1412 1781 1759 1864 Dispositio
1809 1790 2019 1846 autem
2066 1785 2474 1867 praecipuam
2520 1803 2659 1867 spe-

306 1889 473 1950 ciem
526 1887 815 1970 praebet3
883 1888 1148 1949 nomina
1204 1889 1557 1951 secundum
1614 1909 1848 1972 genera
1897 1890 2350 1952 discernuntur
2398 1889 2659 1953 Graecis

302 1994 639 2057 uocabulis
696 1995 1008 2077 appositis.
1107 1992 1282 2068 Quae
1339 2015 1376 2057 a
1433 1994 1720 2058 Charisio
1776 2003 2026 2080 recepta
2088 2016 2217 2058 non
2275 2002 2438 2059 sunt.
2533 1994 2658 2058 Sed

303 2120 455 2164 cum
502 2106 831 2183 excerptor
888 2120 1141 2164 omnem
1195 2101 1510 2183 reliquam
1568 2104 1922 2165 doctrinam
1980 2125 2016 2166 a
2066 2103 2444 2167 Palaemone
2498 2104 2658 2185 peti-

301 2208 476 2270 uerit
520 2226 795 2289 cumque
849 2227 1065 2271 rerum
1111 2209 1263 2270 ordo
1310 2228 1424 2290 per
1468 2209 1714 2272 litteras
1771 2212 2003 2293 optime
2051 2211 2337 2292 digestus
2386 2211 2574 2271 etiam
2622 2229 2660 2270 a

302 2313 691 2377 Palaemone
736 2316 979 2398 ubique
1026 2316 1347 2378 adhibitus
1405 2318 1513 2398 sit,
1576 2337 1614 2378 a
1661 2336 1812 2379 uero
1862 2337 1991 2380 non
2039 2318 2425 2397 abhorrebiS,
2486 2316 2658 2399 quod

301 2421 562 2503 conicis,
621 2440 760 2484 esse
821 2427 882 2484 et
937 2423 1057 2484 hoc
1116 2423 1255 2485 loco
1314 2428 1752 2506 excerptorem
1800 2423 2202 2487 Palaemonis
2260 2428 2392 2485 arte
2450 2442 2655 2485 usum.

298 2529 509 2609 Adde,
572 2530 746 2610 quod
799 2528 1131 2592 Remmius
1194 2549 1401 2612 usque
1466 2550 1722 2613 quaque
1789 2531 2093 2594 Graecam
2155 2531 2444 2612 linguam
2509 2548 2656 2590 cum

301 2634 531 2698 Latina
578 2636 865 2700 contulit.
916 2675 998 2681 ——
1051 2635 1230 2711 Quae
1274 2658 1331 2718 p.
1383 2639 1529 2718 554,
1570 2640 2021 2719 34-555,29
2069 2638 2393 2716 incidunt,
2442 2634 2657 2697 Chari-
2749 2683 2758 2690 .

301 2744 440 2805 sius
502 2762 560 2824 p.
619 2746 758 2819 148,
803 2745 1132 2824 14-150,
1172 2746 1257 2807 20
1324 2746 1634 2806 tractauit.
1739 2744 1986 2807 Gradus
2051 2741 2533 2825 comparationis
2598 2761 2655 2822 p.

302 2852 455 2930 555,
495 2851 822 2930 30-557,
862 2852 901 2912 2
950 2851 1170 2913 tributi
1220 2871 1257 2913 a
1296 2850 1578 2913 Charisio
1627 2872 1682 2934 p.
1731 2855 1875 2932 112,
1919 2852 2248 2929 13-116,
2288 2850 2372 2911 28
2420 2848 2654 2910 seruati

302 2962 468 3019 sunt.
573 2955 879 3038 Sequitur
940 2958 1331 3040 pronominis
1398 2957 1683 3019 doctrina
1745 2977 1802 3039 p.
1858 2959 2005 3035 557,
2047 2958 2353 3035 8-561,
2398 2958 2509 3031 18,
2580 2954 2657 3016 de

303 3083 435 3144 qua
498 3084 556 3145 p.
611 3066 754 3140 157,
794 3066 876 3126 23
925 3084 1062 3146 sqq.
1130 3084 1167 3125 a
1235 3062 1518 3125 Charisio
1585 3069 1800 3125 actum
1865 3070 1973 3125 est.
2078 3062 2235 3125 Inde
2300 3082 2336 3123 a
2399 3082 2458 3144 p.
2508 3063 2655 3136 561,

307 3172 656 3250 19-565,
697 3173 776 3233 41
841 3171 1118 3253 denique
1182 3170 1529 3233 uerborum
1596 3171 2079 3253 coniugationes
2138 3186 2488 3249 eorumque
2547 3167 2656 3229 ob-

299 3278 700 3340 seruationes
746 3284 1175 3360 exponuntur.
1259 3277 1616 3361 Excerptor
1660 3279 1716 3340 is
1767 3276 2024 3359 quidem
2073 3277 2198 3338 alia
2254 3281 2444 3357 atque
2494 3272 2652 3334 Cha-

300 3386 497 3447 risius
542 3386 795 3478 recepit.
881 3387 1184 3447 Attamen
1233 3405 1270 3447 a
1307 3384 1691 3447 Palaemone
1739 3404 1812 3447 ea
1857 3384 2138 3466 profecta
2185 3401 2322 3445 esse
2371 3400 2406 3442 e
2455 3380 2651 3442 disse-

299 3648 497 3702 lacuna
549 3650 692 3702 facta
746 3651 829 3703 est
884 3651 938 3702 et
993 3651 1134 3717 quod
1190 3650 1500 3717 Diomedes,
1566 3650 1660 3717 qui
1716 3647 1977 3702 nonnulla
2031 3648 2099 3700 ad
2154 3646 2378 3699 uerbum
2433 3646 2653 3712 recepit,

301 3755 354 3804 p.
396 3742 516 3806 318,
551 3743 613 3791 14
661 3738 923 3792 Scaurum
961 3738 1142 3790 intulit
1179 3739 1606 3807 grammaticum.
1680 3737 1964 3790 Praeterea
2011 3753 2058 3803 p.
2104 3740 2222 3803 534,
2254 3741 2320 3789 34
2362 3729 2655 3787 ‘Studento

302 3824 591 3879 Sacerdote
629 3827 934 3880 differentia
971 3828 1195 3879 inuenta
1232 3819 1337 3879 est'
1377 3827 1687 3893 exemplum
1724 3825 2067 3877 interiectum
2106 3829 2218 3889 est3
2267 3826 2408 3892 quod
2447 3826 2657 3891 praeter

302 3913 608 3968 Char-isium
647 3917 937 3970 Dositheus
975 3934 1023 3983 p.
1064 3921 1186 3983 393,
1219 3920 1281 3968 12
1320 3919 1377 3968 et
1414 3916 1701 3968 Diomedes
1740 3931 1790 3982 p.
1829 3918 1951 3979 318,
1980 3918 2009 3967 7
2051 3917 2386 3982 acceperunt.
2453 3912 2654 3964 Verum

301 4002 437 4056 haec
474 4008 760 4073 praecepta
796 4004 1109 4058 Palaemoni
1157 4005 1338 4057 deberi
1386 4004 1503 4071 ipsa
1547 4004 1715 4057 uerba
1754 4003 2001 4056 clamant.
2078 4003 2457 4056 Adnotandum
2500 4000 2653 4052 uide-

304 4096 413 4159 tur,
452 4095 594 4161 quod
632 4093 704 4146 M.
744 4093 952 4146 Plotius
991 4092 1263 4160 SacerdOS,
1303 4093 1397 4160 qui
1435 4093 1513 4144 VI
1550 4109 1601 4159 p.
1639 4096 1759 4158 447,
1792 4095 2017 4145 13-28
2057 4093 2122 4144 (10
2160 4092 2344 4144 eadem
2383 4106 2440 4141 ro
2477 4088 2652 4150 refert,

304 4182 569 4234 nonnulla
615 4182 862 4249 exempla
907 4181 1034 4235 licet
1070 4182 1322 4235 breuiora
1366 4182 1603 4249 praebet.
1679 4182 1812 4233 Eius
1850 4185 2032 4233 autem
2071 4179 2312 4233 doctrina
2348 4177 2415 4230 ab
2453 4177 2552 4228 hac
2590 4191 2652 4227 eo

303 4269 499 4337 differt,
535 4271 676 4338 quod
715 4274 980 4339 quattuor,
1021 4273 1115 4339 qui
1155 4271 1298 4339 apud
1335 4274 1702 4338 excerptorem
1740 4269 2099 4322 inueniuntur
2135 4268 2278 4321 modi
2316 4282 2346 4319 a
2371 4265 2653 4318 Sacerdote

301 4357 363 4410 in
403 4362 517 4412 octo
557 4360 754 4429 digesti
791 4363 935 4414 sunt.
