3197 4992
1505 333 1944 393 „24-

540 508 926 591 Homerum,
982 532 1039 592 p.
1090 509 1369 591 233,10,
1402 510 1489 573 20
1536 518 1787 593 poetam
1843 502 1987 571 κατ’
2033 502 2256 592 ἐξοχήν
2310 514 2513 571 uocat.
2609 505 2898 582 Quorum

543 618 834 700 exempla
871 617 1449 681 circumscribendo
1491 618 1770 680 declarat
1816 617 2122 679 librorum
2159 617 2345 679 titulo
2382 616 2569 679 modo
2610 613 2895 697 apposito

543 724 733 786 modo
800 726 1049 787 omisso.
1160 724 1426 788 Praeter
1495 744 1654 806 quos
1724 730 2011 807 prostant
2073 723 2406 787 Terentius
2471 743 2526 805 p.
2594 723 2742 801 227,
2788 721 2897 799 24,

543 828 851 893 Horatius
897 852 953 914 p.
1004 833 1152 912 228,
1179 833 1277 912 10,
1326 830 1614 894 Catullus
1662 852 1717 914 p.
1767 833 1915 911 259,
1942 833 2027 893 25
2076 831 2155 893 ad
2204 829 2669 913 designandum
2717 831 2898 890 uete-

542 956 688 999 rum
735 937 992 1002 dicendi
1038 958 1245 1019 usimi,
1291 935 1632 1001 Sallustius
1676 958 1732 1020 p.
1765 939 1913 1017 253,
1939 940 2015 1000 11
2067 956 2141 1001 eo
2182 937 2447 1000 consilio
2498 942 2585 1011 ut,
2626 952 2891 1018 quomo-

547 1044 629 1106 do
677 1063 809 1106 non
847 1044 1193 1108 dicendum
1224 1046 1330 1123 sit,
1379 1045 1849 1108 demonstretur
1885 1081 1970 1091 —
2009 1045 2286 1127 profecto
2334 1044 2521 1126 pauci
2561 1043 2901 1124 scriptores

547 1151 947 1214 adsentiente
985 1157 1199 1215 tamen
1229 1149 1642 1233 Quintiliane,
1683 1153 1794 1234 qui
1832 1152 1883 1232 Ι,
1914 1156 1971 1232 4,
1994 1152 2080 1215 20
2119 1151 2440 1214 adfirmat:
2487 1142 2647 1211 ‘Alii
2686 1153 2904 1210 tamen

548 1276 631 1319 ex
675 1257 921 1320 idoneis
970 1259 1305 1321 dumtaxat
1341 1257 1707 1321 auctoribus
1747 1265 1887 1321 octo
1923 1265 2134 1341 partes
2163 1258 2466 1321 orationis
2498 1256 2700 1319 secuti
2731 1260 2902 1333 sunt,

548 1371 624 1427 ut
668 1365 1076 1427 Aristarchus
1124 1371 1186 1428 et
1232 1372 1435 1429 aetate
1481 1372 1699 1427 nostra
1746 1359 2131 1429 Palaemon.²
2149 1366 2195 1444 1)

732 1470 1307 1533 Grammaticorum
1352 1473 1716 1554 aequalium
1752 1493 1897 1535 rara
1941 1473 2177 1535 mentio
2226 1471 2518 1545 occurrit,
2564 1470 2691 1531 nisi
2731 1466 2906 1551 quod

548 1598 607 1660 p.
653 1579 796 1657 187,
819 1579 932 1656 2Ο;
974 1580 1350 1659 225,29,31
1403 1579 1654 1642 Plinius
1701 1585 1796 1642 ter
1840 1579 2137 1642 laudatus
2176 1585 2284 1641 est.
2352 1577 2696 1641 Palaemon
2733 1574 2907 1636 enim

550 1684 820 1746 istorum
866 1687 1207 1748 sententia-s
1254 1687 1553 1748 uniuerse
1598 1687 1908 1769 respicere
1956 1686 2288 1748 consueuit
2332 1705 2521 1747 suum
2566 1683 2767 1765 ipsius
2804 1681 2907 1743 iu-

553 1791 794 1852 dicium
838 1792 1211 1874 plerumque
1256 1792 1649 1875 subiungens
1695 1794 1811 1855 ita:
1856 1785 2148 1875 ‘quidam
2193 1785 2449 1875 putant²
2495 1811 2552 1873 p.
2606 1792 2750 1869 187,
2783 1789 2904 1865 22;

548 1891 961 1961 ‘recentiores
1000 1893 1372 1962 uoluerunt'
1416 1901 1696 1980 188,15;
1732 1892 1869 1962 ‘alii
1908 1893 2304 1961 adiecerunt'
2349 1898 2583 1977 189,6;
2618 1889 2911 1989 ‘quidam

739 2145 780 2209 ¹)
820 2144 936 2198 Hoc
973 2145 1091 2200 loco
1120 2145 1557 2199 Schottmuelleri
1584 2146 1903 2199 sententiam
1930 2145 2120 2214 paucis
2156 2145 2341 2198 uerbis
2377 2159 2692 2212 percensere
2726 2141 2910 2207 liceat,

557 2233 652 2301 qui
690 2233 724 2286 1.
763 2233 801 2288 1.
840 2252 893 2302 p.
933 2239 1001 2289 28
1039 2251 1118 2304 sq.
1157 2237 1371 2304 propter
1407 2235 1728 2303 scriptorum
1775 2234 2010 2304 inopiam
2057 2233 2420 2288 exhibitorum
2464 2233 2815 2287 uehementer
2853 2232 2914 2283 in

556 2321 935 2376 Palaemonem
969 2324 1223 2379 inuectus
1262 2328 1348 2378 est
1374 2325 1602 2379 docendi
1626 2325 1744 2378 eius
1767 2325 1972 2378 ratione
2002 2340 2191 2392 parum
2215 2324 2512 2391 perspecta.
2565 2323 2646 2375 Ac
2670 2321 2912 2389 primum

560 2411 777 2479 quidem
816 2411 1158 2467 Palaemonis
1214 2413 1513 2468 doctrinam
1566 2413 1849 2467 ridiculam
1906 2428 2026 2467 esse
2081 2412 2330 2480 equidem
2383 2427 2489 2465 non
2542 2410 2746 2463 inueni.
2821 2413 2913 2462 An

558 2500 852 2554 ridiculum
891 2503 1231 2557 censebimus
1269 2518 1415 2572 esse,
1455 2504 1597 2572 quod
1634 2503 1790 2557 hodie
1828 2502 1952 2572 quis
1989 2502 2184 2556 librum
2222 2501 2456 2568 aliquem
2497 2502 2913 2570 grammaticum

556 2588 617 2641 in
652 2604 815 2642 usum
853 2590 1157 2644 scholarum
1196 2592 1512 2660 composuit.
1589 2592 1732 2658 Quid
1758 2609 1887 2647 uero
1925 2592 2228 2661 scriptores,
2266 2607 2443 2644 nonne
2481 2593 2536 2644 et
2571 2606 2669 2644 nos
2707 2603 2911 2658 paucos

558 2678 628 2731 ad
665 2679 1087 2733 confirmandum
1124 2680 1340 2733 dicendi
1376 2696 1538 2734 usum
1574 2681 1932 2735 adhibemus?
1969 2681 2068 2734 Est
2104 2696 2233 2734 sane
2272 2679 2484 2748 egregie
2521 2695 2555 2732 a
2588 2678 2911 2733 Palaemone

558 2768 779 2835 factum,
819 2769 961 2836 quod
998 2771 1136 2823 teste
1175 2767 1507 2834 Quintiliano
1545 2786 1616 2823 ex
1653 2770 1843 2839 paucis
1881 2773 1935 2823 et
1970 2769 2179 2824 idoneis
2218 2771 2541 2822 consecutus
2579 2770 2662 2821 est
2699 2766 2915 2821 dicendi

560 2855 823 2908 rationem
862 2857 1216 2925 scriptoribus
1253 2859 1441 2927 idque,
1500 2861 1643 2930 quod
1699 2860 1957 2929 reliquiae
2004 2860 2120 2913 eius
2158 2859 2473 2925 ostendunt,
2531 2869 2599 2910 ex
2653 2857 2760 2924 eis,
2817 2856 2916 2923 qui

560 2943 722 2997 hodie
779 2961 991 3014 quoque
1045 2946 1103 2999 in
1158 2948 1361 3002 scholis
1416 2949 1806 3017 praeferuntur.
1880 2951 1967 3002 An
2021 2964 2108 3003 ars
2165 2948 2519 3017 grammatica
2569 2947 2625 2999 in
2679 2961 2741 2999 eo
2798 2944 2913 2998 solo

565 3035 830 3103 uersatur,
869 3037 931 3087 ut
968 3036 1218 3105 exempla
1256 3040 1592 3107 aggerentur,
1632 3039 1690 3091 id
1728 3038 1869 3107 quod
1906 3037 2200 3106 RomanuS,
2237 3037 2467 3104 NoniuS,
2506 3036 2599 3090 alii
2635 3033 2915 3089 consecuti

550 3124 691 3175 -sunt
726 3124 1061 3192 grammatici
1098 3126 1501 3196 compilatores,
1551 3130 1644 3196 qui
1691 3128 2017 3197 scriptorum
2050 3127 2234 3181 uerbis
2271 3126 2511 3195 undique
2548 3124 2812 3192 surreptis
2850 3136 2914 3176 ac

550 3212 683 3265 sine
720 3212 833 3267 ullo
870 3214 981 3267 fere
1020 3216 1241 3270 consilio
1279 3216 1635 3271 accumulatis
1684 3216 2092 3271 commentarios
2142 3215 2348 3284 aliquot
2385 3214 2912 3269 consarcinauerunt.

545 3301 813 3371 =Namque
869 3307 922 3358 et
979 3304 1283 3359 Romanum
1336 3305 1675 3360 Palaemonis
1730 3306 1930 3360 librum
1982 3304 2329 3373 compilasse,
2387 3305 2599 3373 quando
2656 3303 2723 3356 ad
2787 3316 2913 3354 eum

562 3407 783 3461 uenero,
822 3394 1213 3450 demonstrabo,
1308 3395 1550 3461 Quorum
1622 3395 1924 3449 doctrinam
1978 3393 2083 3447 etsi
2138 3393 2556 3461 haudquaquam
2612 3394 2914 3454 contemno,

564 3490 748 3534 tamen
785 3482 958 3536 multo
998 3483 1168 3551 pluris
1214 3486 1481 3539 rationem
1529 3484 1778 3538 existimo
1828 3498 2040 3550 eorum,
2097 3483 2192 3549 qui
2243 3498 2312 3535 ex
2361 3482 2601 3550 ipsorum
2652 3478 2915 3534 scientiae

564 3587 725 3638 penu,
765 3586 901 3638 quae
938 3571 1154 3642 habent,
1192 3590 1256 3627 ea
1291 3575 1503 3627 tradant
1538 3574 1837 3642 praecepta.
1914 3571 2117 3637 Quodsi
2152 3571 2208 3624 in
2246 3571 2339 3631 eis,
2379 3588 2518 3641 quae
2557 3572 2697 3640 apud
2726 3568 2913 3624 Chari-

565 3659 710 3712 sium
747 3663 989 3730 exstant,
1045 3663 1181 3716 ratio
1218 3666 1430 3716 tantum
1466 3662 1724 3731 loquendi
1762 3661 2063 3723 inuenitur,
2122 3661 2239 3714 eius
2284 3662 2366 3715 rei
2417 3677 2584 3715 causa
2629 3660 2766 3714 haec
2813 3661 2912 3724 est,

566 3750 711 3817 quod
748 3749 1029 3805 Charisius
1064 3768 1173 3805 non
1209 3749 1424 3820 plenam
1449 3750 1787 3805 Palaemonis
1825 3751 2141 3819 doctrinam,
2180 3752 2274 3805 sed
2312 3767 2391 3819 ea,
2430 3766 2567 3819 quae
2604 3748 2723 3802 eius
2750 3745 2914 3802 aetati

568 3842 697 3908 apta
733 3842 788 3893 et
821 3842 1226 3895 accommodata
1262 3842 1381 3894 uisa
1417 3842 1561 3907 sunt,
1600 3840 1819 3909 recepit.
1894 3839 2036 3893 Nam
2086 3843 2151 3893 ut
2185 3856 2293 3894 non
2331 3839 2508 3895 dicam
2549 3836 2782 3892 Remmii
2819 3836 2911 3889 do-

576 3930 836 3997 ctrinam,
876 3944 1016 3997 quae
1053 3931 1136 3983 est
1176 3931 1242 3984 de
1279 3930 1483 3984 ratione
1521 3931 1753 3998 dicendi,
1789 3946 1822 3984 a
1858 3929 2102 3984 Charisio
2139 3929 2446 3983 mutilatam
2485 3944 2629 3996 esse,
2666 3921 2918 3994 loquendi

566 4035 731 4074 usum
767 4019 825 4072 in
863 4019 1153 4087 scriptores
1200 4019 1582 4090 peruulgatum
1634 4021 1701 4074 ab
1756 4035 1818 4073 eo
1865 4019 2020 4087 plane
2068 4019 2509 4086 praetermissum
2560 4033 2679 4071 esse
2732 4015 2916 4083 postea.

566 4108 885 4163 uiderimus.
963 4107 1274 4177 spernenda
1327 4112 1411 4163 est
1466 4110 1635 4179 igitur
1690 4125 1752 4164 ac
1808 4109 2003 4163 futtilis
2059 4107 2332 4162 iudicandi
2385 4108 2548 4176 ratio,
2605 4121 2711 4174 qua
2763 4121 2815 4157 u.
2863 4102 2913 4154 d.

568 4197 990 4253 Schottmueller
1039 4211 1175 4253 usus
1213 4200 1313 4253 est.
1389 4198 1544 4265 Quod
1594 4202 1776 4254 autem
1826 4197 2160 4266 Palaemoni,
2218 4196 2313 4265 qui
2360 4196 2658 4266 Vergilium
2706 4195 2917 4263 poetam

567 4287 912 4357 appel-lasset,
948 4287 1256 4357 Vergilium
1291 4303 1400 4342 non
1436 4290 1626 4342 notum
1653 4288 1823 4341 fuisse
1849 4286 2075 4355 censuit,
2114 4303 2234 4341 eam
2271 4286 2377 4339 uiri
2414 4286 2557 4340 docti
2594 4282 2916 4338 sententiam

567 4377 677 4431 iam
703 4376 935 4446 Schoell,
972 4376 1114 4431 Mus.
1141 4377 1312 4431 Rhen.
1341 4382 1426 4445 34,
1457 4381 1577 4444 630,
1606 4377 1739 4430 satis
1763 4375 1974 4437 refellit.
2013 4379 2077 4429 ut
2106 4375 2263 4444 plura
2286 4375 2453 4429 uerba
2476 4376 2651 4429 facere
2687 4374 2912 4427 mittam.
