3197 4992
1535 306 1974 366 —34-

575 486 889 563 quantum
957 500 994 542 a
1037 481 1469 564 grammaticis
1535 501 1680 544 cum
1732 500 1805 544 eo
1872 481 2134 544 conlatis
2201 480 2654 563 comperimus,
2720 469 2757 541 e
2806 498 2927 541 sua

571 589 711 670 ipse
776 587 1065 650 doctrina
1126 587 1287 649 nihil
1353 588 1616 650 omnino
1682 589 1942 651 addidit.
2036 588 2202 651 Sane
2248 586 2739 651 Schottmueller
2800 585 2926 648 sibi

571 695 964 776 persuasisse
1018 693 1279 756 uidetur
1340 691 1699 757 Charisium.
1760 696 2326 778 grammaticorum
2386 694 2707 756 doctrinae
2771 711 2925 754 suas

574 800 1049 865 obseruationes
1110 800 1435 863 interdum
1490 802 1919 865 inmiscuisse.
2028 800 2215 864 Unde
2261 800 2327 863 id
2384 799 2507 862 sibi
2555 799 2925 881 sumpserit,

573 927 721 970 cum
771 911 1148 990 argumenta
1207 907 1388 969 nulla
1434 908 1775 985 addiderit,
1823 909 2054 971 nesci0.
2147 908 2312 971 Nam
2361 927 2395 970 e
2444 905 2803 970 disserendi
2854 923 2926 966 eo

574 1013 831 1096 quidem
886 1031 1117 1096 genere
1178 1013 1244 1075 id
1310 1033 1438 1076 non
1502 1020 1675 1097 patet
1736 1019 1797 1077 et
1842 1008 2134 1096 ‘utputa'
2180 1015 2577 1089 coniunctiO,
2643 1031 2842 1094 quam
2891 1031 2928 1072 a

574 1119 857 1183 Charisio
903 1141 962 1204 p.
1013 1123 1161 1200 232,
1196 1123 1274 1182 11
1326 1120 1605 1184 additam
1666 1140 1801 1184 esse
1848 1126 1921 1183 ut
1975 1123 2231 1185 interim
2280 1121 2653 1199 concedam,
2707 1124 2929 1181 tamen

573 1246 702 1289 non
752 1226 1116 1290 obseruatio
1164 1232 1275 1289 est.
1368 1227 1493 1290 Sed
1540 1229 1683 1290 uiro
1732 1227 1917 1290 docto
1974 1227 2091 1290 hac
2135 1231 2203 1290 in
2250 1248 2335 1305 re,
2386 1248 2532 1290 cum
2579 1245 2735 1308 pace
2786 1227 2927 1288 eius

575 1334 866 1410 dixerim,
914 1336 1107 1397 uenia
1147 1334 1360 1396 danda
1408 1341 1518 1415 est,
1565 1340 1640 1397 ut
1687 1337 1798 1417 qui
1837 1353 1910 1396 eo
1957 1340 2241 1417 tempore
2287 1335 2740 1416 grammaticos
2793 1352 2926 1396 non

573 1445 703 1503 tam
742 1441 927 1523 plane
965 1443 1285 1524 inspicere
1322 1443 1616 1525 potuerit.
1692 1441 1934 1504 Verum
1980 1443 2167 1503 etiam
2207 1434 2343 1504 ‘ut'
2380 1441 2926 1520 coniunctionem,

578 1567 771 1628 quam
820 1568 858 1611 a
895 1544 1280 1610 Palaemone
1326 1548 1601 1610 alienam
1649 1567 1788 1611 esse
1834 1549 1939 1610 uir
1987 1548 2211 1610 doctus
2257 1550 2411 1611 satis
2459 1549 2616 1610 mire
2664 1552 2928 1609 conten-

576 1654 694 1734 dit,
756 1675 793 1716 a
845 1656 1260 1737 grammatico
1304 1658 1538 1723 ,nostro
1600 1654 1909 1736 exemplis
1967 1657 2391 1737 praepositam
2447 1674 2584 1717 esse
2642 1675 2794 1717 cum
2845 1673 2926 1716 ex

576 1761 693 1841 eiS,
763 1781 925 1842 quae
991 1781 1185 1843 supra
1248 1760 1511 1843 protuli,
1575 1766 1716 1822 tum
1766 1780 1849 1824 ex
1892 1762 2013 1824 hoc
2070 1763 2276 1843 capite
2332 1759 2403 1822 X
2458 1762 2707 1824 conlato
2778 1780 2926 1823 cum

577 1873 949 1950 excerptore
988 1867 1145 1931 Bob.
1194 1869 1414 1950 liquet.
1497 1866 1855 1950 Excerptor
1890 1869 2062 1930 enim
2108 1867 2141 1929 I
2185 1888 2244 1950 p.
2294 1871 2548 1948 537,15
2589 1888 2725 1950 sqq.
2768 1887 2928 1945 eam,

577 1993 741 2056 quae
797 1976 867 2036 in
917 1976 1122 2057 capite
1168 1973 1236 2036 X
1282 1978 1489 2036 exstat
1550 1974 1907 2038 doctrinam
1952 1975 2234 2036 maxima
2290 1993 2375 2036 ex
2428 1980 2607 2055 parte
2655 1975 2925 2037 eandem

575 2085 844 2145 enarrat.
939 2080 1145 2157 Quem
1184 2081 1452 2144 Charisii
1497 2081 1661 2144 libro
1707 2101 1905 2144 usum
1950 2099 2082 2143 non
2131 2100 2269 2143 esse
2305 2081 2494 2143 hodie
2541 2081 2659 2144 sub
2709 2081 2926 2143 iudice

575 2208 706 2252 non
750 2189 879 2251 iam
925 2190 1003 2252 lis
1050 2195 1161 2253 est.
1251 2188 1478 2270 Itaque
1528 2208 1676 2251 cum
1724 2188 1882 2251 haec
1929 2190 2019 2250 ita
2065 2189 2216 2258 sint,
2264 2192 2335 2250 ut
2383 2193 2444 2250 et
2492 2186 2821 2251 Charisius
2868 2191 2927 2250 et

575 2301 911 2380 excerptor
949 2297 1186 2359 eisdem
1223 2296 1382 2358 locis
1421 2315 1567 2357 cum
1614 2286 1750 2357 ‘ut’
1787 2301 1926 2357 tum
1965 2287 2209 2357 ‘uelut'
2257 2300 2394 2355 tum
2442 2294 2706 2376 reliqua,
2758 2312 2925 2377 quae

572 2424 767 2486 supra
814 2404 954 2465 dixi
1002 2403 1370 2486 explicandi
1405 2421 1640 2485 genera
1688 2422 1839 2464 cum
1889 2401 2245 2462 constantia
2297 2399 2571 2483 quadam
2612 2401 2924 2484 exemplis

572 2512 1084 2593 praeposuerint,
1146 2531 1304 2573 num
1369 2510 1556 2573 etiam
1619 2509 1794 2570 hisce
1855 2508 2143 2591 partibus
2207 2508 2609 2571 censebimus
2663 2502 2808 2571 ‘ut'
2866 2515 2925 2570 et

569 2611 822 2680 ‘uelut'
871 2621 933 2679 et
976 2618 1230 2698 reliqua
1275 2619 1441 2679 inter
1487 2635 1555 2678 se
1602 2614 2050 2697 respondentia
2097 2615 2267 2698 apud
2316 2621 2667 2697 utrumque
2714 2635 2924 2699 gram-

573 2725 876 2787 maticum
936 2723 1196 2785 licentia
1244 2722 1515 2806 quadam
1579 2727 2029 2805 excerptorum
2093 2727 2226 2785 orta
2291 2722 2471 2786 esse?
2562 2722 2738 2803 Non,
2803 2722 2925 2785 nisi

569 2831 733 2893 forte
780 2834 1128 2892 statuemus
1168 2830 1639 2911 conspiratione
1688 2831 1970 2911 quadam
2018 2849 2091 2892 ac
2131 2830 2529 2891 diuinatione
2578 2835 2641 2891 et
2687 2850 2725 2891 a
2764 2828 2922 2892 Cha-

570 2939 725 2999 risio
787 2941 848 2999 et
907 2936 985 2998 ab
1035 2941 1404 3019 excerptore
1446 2927 1585 2998 cut'
1632 2938 2154 2999 coniunctionem
2211 2941 2274 2998 et
2317 2936 2589 3018 reliqua,
2653 2955 2805 2999 cum
2852 2937 2920 2997 in

570 3043 744 3115 fonte
786 3035 1017 3106 ‘uelut'
1062 3043 1272 3124 suerit,
1319 3044 1524 3126 posita
1569 3061 1724 3106 esse.
1819 3044 1941 3111 Sed
1990 3044 2144 3126 quid
2195 3044 2434 3105 nimius
2483 3064 2625 3105 sum
2682 3044 2754 3105 in
2815 3043 2921 3120 eiS,

574 3169 739 3233 quae
785 3169 900 3233 per
947 3170 1014 3213 se
1049 3150 1294 3234 patent!
1386 3150 1856 3230 Palaemonem,
1907 3152 2019 3232 qui
2058 3156 2119 3213 et
2152 3142 2594 3212 ‘incusatiuos'
2634 3156 2696 3212 et
2740 3142 2920 3231 tqua-

571 3252 804 3320 litates'
844 3263 906 3320 et
939 3249 1507 3340 ‘pronuntiatiuos'
1546 3262 1609 3319 et
1647 3257 1772 3319 alia
1806 3257 2006 3319 multa
2041 3257 2334 3319 uariandi
2373 3276 2566 3319 causa
2602 3257 2919 3332 extulerit,

575 3366 718 3446 quis
757 3371 868 3445 est,
919 3366 1029 3447 qui
1067 3383 1213 3426 eum
1253 3364 1468 3425 credat
1504 3382 1755 3447 semper
1786 3356 2016 3426 ‘uelut‘
2054 3365 2574 3426 coniunctionem
2612 3363 2920 3446 exemplis

572 3472 1032 3555 praeposuisse.
1099 3471 1270 3554 Ergo
1297 3470 1646 3533 Palaemon
1667 3475 1740 3532 ut
1760 3471 2054 3552 exempla
2075 3476 2408 3553 promeret,
2448 3472 2626 3532 uaria
2668 3469 2920 3533 dicendi

570 3580 814 3642 ratione
862 3597 1024 3641 usus
1072 3582 1182 3641 est.
1259 3576 1401 3639 Hoc
1450 3577 1706 3658 quidem
1759 3596 1988 3638 uerum
2036 3583 2130 3640 est
2177 3597 2295 3640 nec
2343 3579 2687 3660 quisquam
2736 3580 2920 3660 negat

569 3685 935 3748 Remmium
983 3702 1195 3747 amore
1236 3683 1515 3765 quodam
1562 3703 1637 3747 ac
1673 3685 1887 3747 studio
1922 3677 2152 3746 ‘uelut'
2192 3686 2707 3747 coniunctionem
2757 3687 2920 3747 sicut

569 3797 631 3854 et
676 3791 981 3854 ueniendi
1021 3796 1083 3854 et
1120 3791 1426 3854 efferendi
1462 3792 1663 3854 uerba
1701 3790 2084 3854 adhibuisse.
2162 3790 2372 3865 Quare
2411 3790 2654 3854 accedit
2687 3781 2918 3854 ‘uelut'

570 3918 699 3961 non
745 3916 859 3980 per
903 3917 970 3960 se
1016 3898 1188 3961 ualet
1233 3905 1685 3981 argumentum
1733 3905 1795 3961 et
1840 3897 1955 3960 ubi
2001 3899 2234 3961 iterum
2284 3916 2357 3960 ac
2394 3899 2648 3980 saepius
2697 3915 2915 3960 occur-

569 4008 672 4086 rit,
717 4004 807 4066 ibi
853 4025 1072 4067 ansam
1111 4005 1373 4087 praebet
1419 4007 1524 4069 uel
1561 4006 2179 4089 praestantissimam
2216 4004 2696 4086 cognoscendae
2734 4002 2915 4065 Rem-

570 4114 821 4175 mianae
870 4112 1220 4194 doctrinae,
1286 4112 1398 4174 sed
1457 4113 1569 4175 ubi
1614 4131 1745 4175 non
1789 4112 2147 4191 inuenitur,
2211 4110 2373 4172 nihil
2420 4115 2540 4186 est,
2610 4110 2780 4192 quod
2843 4108 2916 4170 de

570 4219 976 4282 Palaemonis
1024 4219 1312 4281 doctrina
1358 4219 1638 4300 cogitare
1683 4220 2025 4282 mittamus,
2101 4217 2404 4281 Nostrum
2465 4222 2679 4280 autem
2735 4219 2917 4298 caput

571 4345 655 4389 ex
701 4345 832 4389 uno
878 4326 1050 4389 fonte
1097 4324 1366 4388 fluxisse
1414 4344 1561 4387 cum
1612 4344 1646 4387 e
1685 4324 2034 4388 disserendi
2081 4327 2359 4388 uiatum
2409 4324 2561 4386 inde
2598 4324 2916 4406 probatur,
