3197 4992
1551 348 1992 410 -64-

586 521 739 583 satis
796 520 1284 585 demonstratur.
1386 522 1587 587 Porro
1637 525 1897 588 dicendi
1950 544 2155 609 genus
2210 526 2278 589 id
2336 532 2458 609 est,
2520 530 2697 611 quod
2741 549 2920 614 supra

583 627 922 709 explicaui.
1004 629 1232 713 Itaque
1272 632 1578 714 quoniam
1617 631 1715 694 VI
1752 638 1943 715 caput
1978 632 2384 696 Palaemonis
2422 639 2536 716 est,
2583 654 2658 698 ea
2702 641 2920 721 autem,

586 754 751 817 quae
815 736 966 799 inde
1010 758 1048 799 a
1112 739 1315 820 capite
1360 737 1429 800 II
1491 739 1862 820 traduntur,
1929 758 2076 803 cum
2145 742 2346 823 capite
2392 740 2490 803 VI
2549 745 2920 827 conspirant,

579 839 834 904 II—VI
880 845 1085 927 capita
1122 843 1201 907 ab
1240 843 1463 908 eodem
1511 852 1770 909 auctore
1808 846 2177 930 deprompta
2223 866 2361 910 esse
2398 849 2728 931 arguenda
2763 857 2919 915 sunt.

579 950 801 1031 Atque
847 952 1039 1014 etiam
1087 951 1120 1014 Ι
1166 956 1373 1034 caput,
1424 953 1598 1033 quod
1637 954 1704 1014 in
1746 944 2189 1016 ‘definitione'
2238 954 2375 1036 ipsa
2422 960 2735 1037 uersatur,
2781 954 2920 1021 cum

578 1056 828 1138 reliqua
884 1077 922 1120 a
970 1058 1351 1123 Palaemone
1405 1066 1660 1143 recepta
1705 1061 1860 1140 sint,
1918 1058 1997 1122 ab
2044 1060 2266 1124 eodem
2312 1064 2730 1144 grammatico
2775 1082 2921 1146 pen-

581 1162 732 1226 dere
779 1171 1282 1229 consentaneum
1331 1170 1443 1231 est.

755 1263 1217 1335 ‘Pronomina²
1283 1274 1508 1356 capitis
1574 1273 1705 1336 VII
1767 1279 1897 1338 tres
1960 1275 2310 1357 particulas
2377 1272 2471 1358 (p.
2543 1277 2690 1356 157,
2728 1277 2913 1339 23—-

582 1380 727 1455 159,
757 1380 873 1458 35;
928 1381 1074 1462 160,
1110 1384 1141 1443 1
1168 1417 1253 1425 -—
1280 1382 1424 1461 161,
1463 1381 1579 1462 183
1635 1383 1779 1462 161,
1818 1383 2003 1444 19——
2032 1383 2177 1462 164,
2213 1380 2321 1464 11)
2383 1382 2921 1465 comprehendunt

575 1484 753 1548 hisce
810 1486 1028 1550 uerbis
1088 1488 1420 1551 discretas:
1466 1480 1662 1550 ‘Aliis
1708 1488 1799 1550 ita
1851 1487 2095 1570 placuit
2141 1488 2221 1551 de
2266 1490 2755 1571 pronominibus
2801 1491 2920 1554 dis-

575 1586 817 1656 serere²
853 1613 911 1676 p.
949 1595 1183 1676 160,1;
1219 1588 1415 1657 ‘Aliis
1443 1595 1534 1656 ita
1562 1595 1801 1677 placuit
1839 1586 2180 1656 declinari'
2217 1614 2274 1677 p.
2311 1598 2578 1677 161,19.
2647 1595 2924 1662 Primam

574 1700 952 1782 particulam
999 1700 1400 1764 Palaemonis
1440 1720 1578 1764 esse
1614 1702 1897 1784 primum
1937 1701 2088 1764 inde
2126 1703 2465 1781 euinoitur‚
2508 1703 2679 1784 quod
2716 1722 2923 1786 gram-

571 1807 848 1870 maticus
895 1828 954 1891 p.
1006 1811 1151 1890 159,
1175 1811 1278 1891 21,
1330 1827 1526 1891 quam
1564 1826 1760 1890 supra
1805 1828 1863 1890 p.
1905 1810 2113 1889 23,19
2163 1810 2531 1872 tractauerit
2570 1809 2918 1872 doctrinam

571 1919 860 1977 reuocat:
914 1907 1017 1978 ‘et
1075 1916 1204 1977 iam
1263 1915 1489 1977 ordine
1543 1910 1710 1995 suo',
1774 1916 2012 1996 inquit,
2071 1906 2271 1977 ‘hanc
2328 1933 2584 1997 quoque
2637 1917 2923 1999 regulam

572 2016 1075 2085 aduotauimus'.
1153 2019 1357 2096 Quem
1392 2021 1608 2083 locum
1646 2022 1981 2084 laudatum
2022 2023 2209 2086 etiam
2251 2030 2586 2105 excerptor
2619 2043 2676 2105 p.
2717 2025 2923 2104 561,6

571 2130 920 2213 descripsit.
1016 2129 1202 2193 Adde
1253 2149 1416 2212 quae
1460 2151 1517 2213 p.
1571 2131 1718 2211 158,
1744 2131 1774 2190 1
1828 2134 2109 2192 exstant:
2170 2120 2374 2192 ‘Sunt
2416 2130 2800 2211 pronomina
2845 2130 2924 2193 ad

571 2224 834 2320 aliquid,
879 2242 956 2300 ut
1000 2256 1182 2300 meus
1228 2242 1396 2300 tuus.
1488 2236 1657 2299 Nam
1720 2240 1782 2299 et
1829 2236 1985 2299 haec
2031 2237 2171 2298 sine
2217 2235 2432 2317 aliquo
2478 2254 2611 2298 non
2654 2241 2926 2319 possunt

569 2344 705 2407 sola
749 2338 1086 2427 intellegi'.
1181 2343 1563 2407 Coniunctio
1612 2343 2044 2426 comparatiua
2104 2335 2230 2405 ‘et'
2286 2347 2528 2424 spectat
2581 2343 2661 2404 ad
2717 2345 2924 2406 nomi-

569 2471 728 2515 num
774 2452 1004 2536 prioris
1060 2452 1284 2535 capitis
1341 2451 1698 2514 doctrinam
1743 2470 1802 2534 p.
1855 2451 2001 2531 156,
2025 2451 2199 2513 4-9
2247 2449 2452 2513 simili·
2490 2449 2681 2513 modo
2729 2450 2922 2513 tradi·-

566 2563 715 2623 tam.
811 2558 975 2622 Sunt
1014 2561 1224 2640 etiam,
1273 2579 1439 2642 quae
1475 2560 1604 2620 iam
1641 2559 1709 2620 in
1746 2557 1899 2620 libii
1933 2557 1966 2619 I
2003 2558 2209 2640 capite
2231 2555 2365 2619 XV
2403 2576 2461 2639 p.
2502 2558 2921 2637 91‚11-21:

574 2669 718 2747 158,
740 2668 1004 2728 21-24
1035 2668 1405 2749 exposuerit
1431 2667 1905 2748 grammaticus
1971 2664 2173 2728 Porro
2203 2664 2475 2727 docendi
2502 2663 2662 2725 ratio
2701 2662 2924 2725 eadem

569 2778 691 2854 est,
754 2793 918 2855 quae
973 2774 1314 2835 nominum
1368 2773 1602 2856 prioris
1658 2772 1884 2855 capitis
1940 2771 2015 2836 cf.
2071 2792 2129 2854 p.
2184 2771 2614 2848 157,24-35
2663 2773 2725 2831 et
2779 2771 2926 2851 153,

571 2880 975 2960 6-154,20.
1067 2878 1240 2962 Ergo
1286 2881 1479 2963 primi
1526 2880 1969 2942 commentarii
2013 2878 2366 2941 Palaemon
2413 2880 2634 2938 auctor
2680 2880 2794 2941 est.
2837 2912 2910 2922 -

566 2983 635 3048 II
683 2990 747 3048 et
789 2985 892 3049 HI
938 2988 1377 3049 commentarii
1426 3006 1576 3049 cum
1621 2986 1654 3048 I
1699 2986 2012 3064 sentiunt,
2063 2985 2253 3048 dictio
2302 2985 2474 3047 enim
2513 2982 2737 3046 eadem
2774 2985 2924 3046 reti-

567 3097 785 3171 netur3
842 3114 900 3176 p.
956 3095 1100 3174 160,
1125 3095 1207 3158 10
1256 3092 1568 3175 quaedam
1615 3093 1841 3177 regula
1896 3111 2099 3176 aeque
2154 3091 2640 3172 circumscripta
2694 3094 2792 3152 est
2848 3109 2923 3153 ac

566 3220 624 3282 p.
677 3201 900 3281 158,1.
979 3199 1105 3275 Qui
1150 3201 1587 3263 commentarii
1636 3219 1710 3263 eo
1758 3205 2011 3263 tantum
2057 3201 2225 3262 inter
2268 3216 2335 3261 se
2376 3196 2695 3274 differunt,
2746 3197 2922 3280 quod

565 3308 637 3369 in
683 3306 717 3368 I
762 3312 824 3370 et
868 3307 936 3370 II
976 3308 1133 3391 quid
1176 3307 1557 3390 generaliter
1595 3306 1674 3370 de
1712 3327 1838 3369 usu
1877 3311 2069 3388 atque
2105 3307 2177 3368 ui
2213 3305 2665 3387 pronominum
2705 3303 2923 3366 dicen-

567 3414 721 3477 dum
769 3420 950 3495 esset,
996 3416 1063 3477 in
1113 3416 1299 3478 tertio
1347 3433 1501 3477 uero
1550 3413 2007 3476 declinationes
2043 3413 2498 3495 pronominum
2536 3410 2918 3492 explanatae

567 3525 744 3598 sunt3
797 3520 971 3603 quod
1017 3522 1088 3583 in
1134 3520 1539 3584 Palaemonis
1587 3519 1858 3583 docendi
1894 3521 2209 3583 rationem
2248 3518 2475 3581 cadere
2512 3536 2705 3599 supra
2750 3516 2922 3579 uidi-

565 3646 727 3689 mus.
834 3626 1062 3708 Itaque
1124 3626 1540 3690 statuendum
1609 3633 1705 3689 est
1759 3625 2207 3690 Palaemonem
2268 3625 2389 3688 hoc
2454 3642 2714 3706 quoque
2777 3624 2921 3686 loco

565 3734 838 3796 aliorum
899 3734 1242 3796 sententias
1290 3734 1634 3796 curauisse.
1729 3731 2027 3797 Ceterum
2070 3733 2332 3796 tertium
2389 3732 2922 3794 commentarium

546 3843 695 3904 ‘iam
742 3839 1237 3904 Schottmueller
1279 3860 1338 3923 p.
1391 3841 1471 3901 12
1518 3838 1745 3902 tribuit
1790 3838 2178 3903 Palaemoni.

744 3945 1139 4010 Pronomina
1186 3947 1602 4030 excipiuntur
1658 3967 1695 4009 a
1747 3948 1952 4030 prima
2009 3946 2197 4009 uerbi
2251 3949 2430 4028 parte
2486 3945 2709 4027 capitis
2755 3943 2923 4007 VIII

562 4076 623 4139 p.
676 4056 820 4136 164,
848 4056 1172 4135 12-168,
1192 4056 1295 4119 33.
1389 4051 1576 4128 Quod
1624 4058 1814 4135 caput
1872 4072 1957 4116 ex
2011 4071 2143 4116 uno
2194 4052 2546 4133 eodemque
2600 4049 2792 4131 libre,
2850 4052 2923 4112 in

566 4181 692 4245 quo
761 4163 1048 4245 quinque
1105 4162 1505 4224 diuersorum
1559 4161 2126 4243 grammaticorum
2182 4159 2538 4221 sententiae
2593 4155 2920 4219 exhibitae

560 4269 862 4351 fuissent,
908 4270 1366 4351 transcriptum
1422 4286 1557 4330 esse
1614 4287 1653 4329 a
1699 4265 1982 4330 Charisio
2030 4265 2519 4330 Schottmueller
2560 4284 2619 4347 p.
2673 4266 2750 4326 17
2802 4283 2924 4326 uo-

560 4375 698 4441 luit.
800 4378 1020 4457 Atque
1081 4375 1254 4438 idem
1316 4375 1476 4457 fere,
1543 4373 1716 4457 quod
1779 4374 1890 4437 ille
1954 4374 2175 4437 sentio.
2269 4372 2477 4436 Causa
2536 4391 2720 4453 uero,
2787 4389 2925 4452 qua
