3197 4992
272 568 588 653 Pompeius
632 569 902 653 TrogUS,
964 571 1328 654 AugustuS,
1391 568 1751 649 MaecenaS,
1815 558 2069 633 Cassius
2134 568 2439 651 SeueruS,
2500 569 2585 635 M.

269 674 541 739 Valerius
578 675 862 740 Messala.
954 675 1103 740 Huc
1155 677 1332 758 adde,
1381 677 1551 758 quod
1601 664 2210 759 (11101110111111111111111
2255 678 2590 740 nominum

271 783 568 847 'doctrinae
612 803 755 866 pars
801 789 1053 866 recepta
1107 788 1204 846 est
1258 804 1296 846 a
1342 780 1652 863 CharisiO,
1712 781 1905 844 uerba
1961 788 2171 845 autem
2219 783 2589 847 uerborum-

278 909 378 972 que
438 890 840 973 quaestiones
895 891 1082 972 plane
1135 883 1578 973 praetermissa
1625 895 1799 970 sunt,
1857 890 2235 972 scriptorum
2300 885 2594 972 exempla

266 996 517 1077 plurima
561 995 874 1059 obliuioni
923 997 1066 1060 data
1110 1002 1274 1060 sunt.
1362 999 1576 1079 Atque
1640 1002 1712 1058 ut
1758 998 1971 1058 statim
2037 1015 2377 1058 numerum
2422 997 2592 1058 loco-

271 1121 392 1165 rum
428 1103 861 1167 exhibitorum
900 1103 1320 1187 computando
1361 1103 1614 1167 efficere
1648 1105 1871 1187 possis,
1920 1103 2192 1165 adiciam
2230 1103 2594 1185 Vergilium

262 1212 583 1294 sexagiens
621 1211 750 1272 fere
780 1208 1065 1272 Coelium
1103 1209 1203 1272 bis
1241 1211 1625 1294 appellatum
1668 1229 1821 1274 esse.
1891 1208 2175 1285 Quorum
2213 1211 2595 1292 scriptorum

268 1317 442 1379 uerba
488 1322 621 1380 arte
666 1315 1079 1380 Remmianae
1127 1317 1450 1380 doctrinae
1494 1318 1737 1380 inserta
1784 1323 1950 1379 sunt.
1970 1317 2015 1396 1)

424 1424 757 1504 Virorum,
816 1425 928 1506 qui
983 1424 1104 1485 arti
1157 1425 1606 1506 grammaticae
1663 1443 1913 1507 operam
1963 1423 2302 1503 dederunt,
2359 1424 2594 1485 mentio

259 1527 417 1592 facta
452 1536 547 1594 est
582 1530 837 1593 horum:
890 1530 1134 1593 Aurelii
1176 1529 1387 1613 Opilii,
1435 1531 1517 1593 M.
1565 1532 1843 1594 Terentii
1890 1530 2212 1612 Varronis,
2247 1520 2344 1592 M.
2386 1530 2599 1593 Verrii

265 1633 486 1718 Flacci,
544 1635 608 1701 O.
655 1636 849 1699 Plinii
898 1635 1195 1700 Secundi.
1214 1640 1262 1716 2)
1352 1637 1524 1720 Ergo
1580 1656 1769 1700 nemo
1816 1638 2109 1700 laudatus
2170 1643 2265 1700 est
2312 1639 2597 1720 scriptor,

260 1745 368 1825 qui
402 1742 807 1806 Palaemonis
845 1747 1107 1806 aetatem
1160 1746 1496 1808 transierit.
1575 1742 1975 1827 Quamquam
2022 1745 2187 1828 apud
2234 1744 2599 1807 Romanum

257 1849 323 1912 in
380 1851 578 1934 capite
624 1849 824 1913 XVII
876 1850 1242 1933 posterioris
1300 1853 1524 1914 aetatis
1583 1858 1872 1915 auctores
1919 1857 2265 1915 occurrunt
2318 1844 2595 1934 plurimi.

264 1953 395 2019 Hoc
436 1957 572 2020 loco
619 1976 825 2039 pauca
864 1957 942 2020 de
980 1956 1063 2019 Μ.
1101 1958 1390 2021 Terentio
1428 1958 1720 2022 Varrone
1765 1978 2052 2042 promere
2097 1960 2291 2021 iuuat.
2376 1955 2597 2019 Sueto-

263 2063 396 2126 nius
458 2064 632 2126 enim
697 2062 798 2144 (de
851 2084 1050 2146 gram.
1099 2067 1209 2144 23)
1274 2065 1492 2128 tradit:
1556 2057 1968 2148 ‘Arrogantia
2030 2065 2151 2129 fuit
2200 2060 2596 2146 (Palaemon)

262 2176 449 2252 tanta,
511 2175 587 2233 ut
631 2169 715 2232 M.
764 2170 1120 2234 Varronem
1178 2191 1441 2254 porcum
1488 2161 1863 2255 appellaret3
1932 2182 2148 2235 secum
2198 2177 2261 2235 et
2306 2175 2487 2232 natas
2534 2174 2600 2232 et

255 2278 589 2340 morituras
648 2277 890 2340 litteras
948 2279 1235 2353 iactaret;
1293 2298 1526 2341 nomen
1583 2299 1774 2341 suum
1832 2280 1898 2341 in
1952 2279 2260 2341 bucolicis
2318 2278 2452 2357 (ecl.
2499 2275 2600 2338 111

263 2402 318 2444 u.
375 2385 482 2462 50)
550 2403 679 2446 non
744 2389 980 2447 temere
1043 2386 1348 2468 positum,
1424 2385 1538 2448 sed
1612 2386 2053 2469 praesagiente
2116 2384 2402 2466 Vergilio
2466 2383 2599 2446 fore

266 2491 641 2575 quandoque
686 2494 976 2556 omnium
1024 2500 1354 2576 poetarum
1403 2513 1475 2556 ac
1521 2482 1886 2577 poematum
1932 2492 2384 2557 Palaemonem
2430 2490 2595 2553 iudi-

265 2592 443 2665 cem'.
533 2597 589 2660 E
648 2600 884 2681 quibus
946 2599 1229 2663 Suetonii
1289 2600 1502 2664 uerbis
1562 2602 1632 2663 ni
1688 2600 1871 2663 fallor
1926 2602 2317 2664 coniecimus
2377 2598 2599 2661 Palae-

267 2706 623 2768 monianam
680 2706 1034 2769 doctrinam
1087 2727 1346 2790 prorsus
1403 2708 1699 2781 alienam,
1733 2708 1932 2770 fuisse
1992 2728 2029 2769 a
2073 2708 2390 2786 Varrone3
2450 2725 2599 2767 narn

267 2811 576 2891 proditum
622 2819 887 2902 nonest
924 2816 1284 2895 memoriae,
1335 2834 1460 2897 qua
1506 2815 1752 2877 ratione
1792 2814 2195 2877 Palaemonis
2235 2814 2525 2876 doctrina
2564 2832 2600 2873 a

270 2914 660 2981 Varroniana
709 2919 1038 2983 distulerit.
1131 2923 1221 2983 At
1268 2921 1470 2983 Varro
1528 2926 1726 2983 artem
1782 2921 2262 3003 grammaticam
2306 2920 2601 3003 plurimis

271 3028 330 3084 et
381 3026 734 3089 utilissimis
791 3033 854 3088 et
906 3028 1466 3109 praestantissimis
1523 3033 1945 3090 exornauerat
2000 3029 2378 3110 praeceptiS,
2439 3045 2603 3108 quae

272 3129 539 3195 refellere
587 3137 697 3194 aut
740 3133 1100 3215 neglegere·
1123 3133 1491 3214 Palaemon,
1548 3135 1673 3196 nisi
1721 3135 2003 3197 omnium
2054 3135 2419 3217 aequalium
2466 3134 2602 3194 ani-

273 3254 398 3301 mos
441 3240 681 3301 uiolare
719 3244 909 3321 atque
947 3246 1234 3303 auertere
1271 3241 1597 3321 uoluisset,
1647 3242 1908 3303 omnino
1947 3260 2078 3303 non
2115 3242 2351 3323 potuit,
2393 3258 2603 3322 neque

272 3360 563 3427 umquam
619 3348 1069 3427 grammaticus
1114 3351 1355 3427 noster,
1413 3348 1469 3409 si
1514 3347 1986 3410 Varronianam
2044 3348 2398 3410 doctrinam
2446 3347 2603 3408 alias

272 3452 585 3531 probatam
637 3453 1000 3534 refutasset,
1066 3472 1398 3516 assensum
1457 3473 1531 3516 ac
1594 3454 2172 3537 comprobationem
2242 3454 2606 3537 aequalium

273 3556 435 3621 illam
483 3560 821 3623 adsecutus
861 3565 1038 3624 esset.
1123 3559 1408 3625 Fuerunt
1445 3568 1660 3623 autem
1698 3561 2009 3625 Varronis
2049 3564 2240 3625 etiam
2275 3560 2605 3644 permulta,

440 3807 480 3874 ¹)
518 3805 780 3860 Martialis
817 3807 1147 3875 epigramma
1182 3806 1238 3875 (l.
1276 3807 1320 3874 I,
1361 3808 1449 3876 65)
1491 3824 1540 3875 p.
1569 3812 1655 3875 95,
1696 3812 1763 3861 29
1802 3811 2022 3863 exstans
2061 3809 2310 3877 quamuis
2348 3824 2380 3862 a
2417 3808 2605 3862 Palae-

274 3905 418 3947 mone
453 3895 695 3948 exhiberi
731 3895 996 3963 potuerit,
1043 3897 1221 3949 tamen
1275 3897 1418 3965 quod
1456 3912 1488 3950 a
1525 3897 1771 3950 doctrina
1808 3898 2062 3966 dissidet,
2115 3898 2465 3967 grammatico
2503 3913 2610 3952 non

274 3979 663 4050 imputauerim.

441 4072 482 4141 ς3)
522 4091 575 4142 p.
604 4078 689 4140 94,
733 4078 758 4126 1
799 4072 947 4125 Velii
983 4072 1154 4143 Longi
1192 4090 1386 4127 nomen
1426 4075 1658 4129 absurde
1696 4090 1977 4142 aspersum
2015 4077 2123 4127 est:
2157 4068 2261 4128 ‘De
2300 4091 2407 4142 qua
2443 4091 2607 4143 quae-

277 4158 442 4214 stione
494 4178 526 4215 a
579 4161 735 4215 Velio
771 4160 954 4231 Longo
1009 4161 1227 4216 libellus
1283 4164 1516 4232 scriptus
1572 4156 1690 4217 est.³
1764 4162 2060 4216 Palaemon
2115 4163 2260 4215 enim
2313 4179 2609 4231 numquam

278 4243 449 4301 laudat
483 4250 615 4304 alios
651 4250 1031 4320 grammaticos
1067 4252 1175 4304 nisi
1215 4239 1500 4320 disputans
1539 4254 1606 4306 de
1644 4267 1826 4305 eorum
1865 4252 2166 4320 praeceptis
2203 4267 2266 4304 ac
2285 4252 2607 4320 disceptanS,

281 4335 401 4399 quid
443 4353 475 4391 a
517 4355 621 4408 quo
665 4341 812 4391 recte
864 4340 1122 4394 traditum
1162 4340 1257 4408 sit,
1315 4340 1447 4408 quid
1492 4357 1601 4395 non
1645 4341 1788 4394 item.
1863 4339 2112 4393 Fortasse
2151 4339 2431 4393 Charisius
2468 4339 2612 4392 Volii

285 4436 461 4478 nomen
497 4427 561 4480 in·
594 4427 835 4497 margine
874 4444 906 4482 a
944 4427 1155 4483 curioso
1193 4429 1425 4497 quodam
1464 4428 1769 4498 appositum
1806 4429 1930 4481 inde
1964 4428 2020 4481 in
2046 4429 2359 4481 contextum
2394 4427 2611 4495 recepit.

2217 4517 2291 4571 4*
