3197 4992
1352 372 1795 432 ⁸.15....

381 545 754 630 recipienda
802 552 921 627 est,
980 547 1092 611 sed
1151 567 1314 630 quae
1369 548 1789 613 horridiorem
1846 550 2156 613 rationem
2202 568 2360 612 sono
2407 548 2744 613 blandiore

382 651 679 734 depellat.
771 651 1101 717 Interdum
1153 656 1324 718 enim
1371 654 1640 719 utilibus
1686 657 1970 719 iucunda
2013 657 2294 739 gratiora
2342 662 2508 722 sunt.
2600 657 2741 720 Ad·

375 758 651 821 siduitas
698 764 760 821 et
815 761 1214 825 consuetudo
1276 761 1477 825 uerba
1540 762 1854 844 quaedam
1911 762 2018 825 uel
2072 763 2333 825 nomina
2389 781 2593 845 usque
2654 763 2736 826 ad

381 866 862 948 persuasionem
908 868 1314 950 proprietatis
1361 866 1699 949 sufficient,
1746 871 1799 932 si
1836 874 2050 932 tamen
2089 870 2309 932 eadem
2346 888 2477 931 non
2516 888 2736 952 aspere

375 990 493 1055 per
537 972 896 1055 analogiam
945 968 1422 1053 enuntientur³3
1473 981 1536 1038 et
1579 996 1639 1058 p.
1694 979 1837 1056 183,
1891 980 1999 1039 17:
2050 970 2200 1041 cSed
2246 977 2592 1039 ridiculum
2639 982 2736 1040 est

376 1077 586 1162 legem
634 1079 946 1143 aduersus
993 1081 1521 1145 consuetudinem
1568 1082 1786 1164 malle,
1837 1102 2002 1166 quae
2049 1085 2185 1146 sola
2229 1085 2295 1145 in
2342 1089 2557 1146 nostro
2606 1101 2734 1146 ser·

376 1205 568 1250 mone
618 1179 1025 1252 dominatur.³
1073 1224 1157 1233 —
1207 1186 1249 1250 J
1252 1206 1356 1249 am
1404 1185 1482 1250 de
1539 1187 1812 1252 docendi
1868 1192 2111 1253 ratione
2159 1191 2313 1272 quin
2379 1190 2731 1272 discipulus

373 1299 440 1355 et
484 1299 857 1377 praeceptor
901 1296 1070 1358 inter
1117 1313 1185 1358 se
1233 1295 1654 1376 consentiant,
1701 1295 1882 1358 nulla
1935 1297 2366 1380 interponitur
2401 1295 2729 1359 dubitatio.

374 1398 661 1481 Accedit,
711 1401 881 1483 quod
920 1401 1031 1465 ille
1077 1402 1349 1478 eosdem,
1399 1420 1562 1483 quos
1611 1406 1674 1465 et
1711 1402 1814 1464 hic
1860 1404 2201 1486 scriptores
2245 1404 2314 1465 in
2362 1403 2730 1485 exemplum

378 1512 570 1569 uocat
622 1513 685 1569 et
742 1508 915 1590 quod
961 1507 1253 1592 Vergilio
1316 1515 1379 1572 et
1425 1506 1718 1571 Ciceroni
1775 1529 2072 1595 magnam
2121 1529 2268 1573 cum
2313 1511 2728 1593 grammatico

381 1614 817 1677 auctoritatem
864 1615 1093 1678 tribuit
1140 1615 1358 1679 dicens
1404 1614 1452 1695 I,
1501 1617 1560 1695 5,
1601 1618 1713 1678 35;
1758 1608 2074 1690 ‘Quorum
2120 1623 2422 1681 neutrum
2470 1617 2728 1700 quidem

381 1718 799 1801 reprehendo,
857 1741 1005 1785 611111
1061 1723 1141 1785 611
1185 1722 1519 1805 Vergilius
1566 1717 1845 1801 auctor’3
1896 1761 1979 1767 —
2028 1743 2180 1785 nam
2228 1722 2596 1787 Ciceronem
2646 1723 2725 1787 ab

379 1841 452 1885 eo
498 1829 932 1909 praepositum
978 1847 1115 1892 esse
1162 1828 1314 1890 satis
1361 1832 1623 1891 constat„
1704 1827 1955 1903 Quibus
2002 1849 2282 1913 opponas
2319 1828 2730 1894 Palaemonis

371 1931 547 2012 apud
612 1931 973 1998 Chai-isium
1042 1933 1238 1997 uerba
1291 1954 1351 2017 p.
1399 1936 1514 2015 22,
1566 1937 1631 1997 1:
1698 1928 1886 1998 cItem
1951 1937 2243 2000 similiter
2305 1943 2546 2018 errant,
2612 1939 2726 2019 qui

371 2039 592 2101 omnia
655 2057 892 2124 genera
957 2040 1249 2105 arborum
1314 2046 1578 2123 quartae
1646 2041 2057 2105 declinationi
2121 2043 2328 2107 solent
2390 2043 2723 2126 adsignare

367 2147 656 2210 inuentis
703 2149 861 2230 ipsis
908 2149 1081 2231 apud
1126 2148 1521 2231 Vergilium:
1587 2139 1678 2210 cet
1723 2168 1841 2211 uos
1903 2169 1938 2211 o
1997 2150 2190 2231 lauri,
2251 2169 2508 2232 carpam
2555 2155 2616 2212 et
2660 2156 2722 2214 te

368 2255 665 2336 proxima
704 2247 972 2336 myrte';
1023 2260 1084 2318 et
1121 2275 1177 2338 p.
1219 2257 1367 2334 264,
1407 2257 1475 2316 3:
1521 2247 1928 2336 ‘Reperimus
1975 2257 2147 2338 apud
2185 2262 2432 2319 ueteres
2477 2258 2722 2319 instans

366 2359 771 2425 finitiuorum
817 2364 1002 2445 iungi
1051 2363 1237 2426 etiam
1301 2361 1647 2444 inperfecto
1710 2360 2296 2442 subiunctiuorum,
2358 2363 2531 2444 quod
2576 2383 2720 2426 raro

365 2465 454 2533 fit.
548 2466 709 2532 Eius
757 2469 1037 2552 exempli
1090 2468 1405 2553 prodendi
1459 2468 1665 2551 gratia
1723 2469 1831 2533 uel
1887 2469 2021 2531 sola
2069 2467 2391 2533 Ciceronis
2447 2468 2723 2534 sufficiat

366 2577 715 2639 auctoritas
761 2596 875 2659 pro
925 2575 1120 2640 Sexto
1166 2576 1426 2658 RosciO,
1488 2577 1673 2640 uelut
1709 2625 1722 2638 .
1764 2624 1777 2636 .
1817 2568 1853 2640 .'
1902 2613 1985 2620 —
2037 2573 2232 2656 Quid,
2300 2577 2470 2659 quod
2519 2575 2724 2651 Quin-

364 2681 630 2745 tilianus
677 2682 879 2747 uerba
936 2704 972 2745 a
1013 2683 1273 2747 Graecis
1328 2683 1701 2767 deprompta
1738 2702 1887 2746 cum
1921 2682 2309 2747 Palaemone
2345 2678 2721 2768 ‘peregrina’

334 2788 762 2871 appellauit?
829 2788 1168 2853 Praeterea
1204 2791 1371 2852 inter
1406 2796 1756 2873 utrumque
1801 2795 1979 2854 tanta
2034 2790 2439 2874 significandi
2486 2791 2722 2854 docen-

363 2893 564 2976 dique
613 2896 690 2958 de
736 2896 930 2959 rebus
986 2898 1421 2981 grammaticis
1484 2897 1884 2960 familiaritas
1948 2897 2313 2977 intercedit,
2378 2902 2449 2960 ut
2494 2897 2720 2961 Palae-

360 3003 737 3065 monianam
771 3003 1126 3067 doctrinam
1149 3003 1228 3066 ob
1252 3005 1472 3067 oculos
1509 3004 1627 3067 tibi
1664 3005 1909 3067 uersari
1946 3005 2279 3086 putaueris
2315 3005 2716 3086 prouinciam

358 3109 776 3190 perlustranti
853 3111 1247 3187 Quintiliani.
1358 3108 1494 3172 Nec
1567 3109 1800 3173 desunt
1873 3110 1996 3171 alia
2070 3116 2474 3192 argumenta,
2551 3130 2718 3192 quae

360 3227 691 3279 auctorem
739 3235 978 3298 eorum,
1027 3236 1192 3300 quae
1240 3217 1413 3300 apud
1461 3215 1819 3279 Charisium
1866 3216 2154 3298 aliosque
2201 3221 2458 3278 exstant
2502 3236 2718 3298 gram-

360 3323 649 3404 maticos,
688 3325 1024 3388 euidenter
1059 3325 1347 3407 prodant.
1413 3322 1763 3386 Palaemon
1802 3324 1974 3386 enim
2012 3324 2084 3385 in
2123 3322 2431 3405 exemplis
2467 3322 2718 3406 fingen-

361 3428 463 3491 dis
521 3448 662 3494 eam
727 3431 1263 3494 consuetudinem
1318 3431 1634 3513 sequitur,
1687 3434 1773 3492 ut
1840 3429 2055 3492 ubiuis
2121 3447 2342 3492 eorum
2405 3431 2714 3512 uirorum,

359 3537 475 3617 qui
512 3539 791 3601 maxime
826 3538 1258 3618 inclaruerint,
1303 3539 1565 3600 nomina
1603 3556 1888 3619 suaeque
1924 3556 2057 3599 non
2095 3540 2452 3618 numquam
2489 3539 2711 3601 aetatis

359 3649 574 3725 ponat,
620 3646 828 3709 uelut:
877 3645 1215 3710 Sisennam
1261 3664 1318 3726 p.
1351 3646 1454 3724 51,
1495 3646 1598 3726 30,
1646 3644 2037 3728 Perpernam
2074 3646 2179 3724 51,
2219 3645 2323 3724 29,
2373 3642 2716 3707 Catilinam

359 3752 465 3832 51,
513 3753 626 3834 30,
675 3750 1048 3816 Ciceronem
1095 3753 1205 3831 63,
1255 3753 1327 3831 9,
1376 3752 1736 3814 Antonium
1783 3754 1901 3832 22,
1951 3754 2023 3832 9,
2072 3750 2407 3814 Caesarem
2454 3753 2556 3833 26,
2610 3752 2711 3832 19,

356 3858 733 3941 Augustum
771 3862 874 3939 21,
919 3861 1017 3939 11,
1063 3856 1498 3921 Maecenatem
1536 3860 1641 3936 26,
1681 3861 1784 3938 26,
1831 3859 2187 3941 Agrippam
2227 3859 2328 3938 66,
2369 3860 2472 3937 32,
2523 3857 2710 3922 Clau-

357 3965 539 4028 dium
586 3969 654 4047 9,
708 3968 815 4047 12,
879 3964 1201 4028 Neronem
1250 3967 1360 4045 63,
1415 3967 1522 4044 10,
1589 3965 1802 4026 Titum
1857 3968 1955 4045 11,
2002 3967 2075 4043 4,
2142 3962 2450 4043 Senecam
2496 3966 2600 4046 20,
2649 3969 2710 4047 3,

352 4072 694 4137 Thraseam
746 4075 853 4154 10,
904 4076 1006 4137 11.
1101 4070 1224 4146 Qui
1279 4073 1407 4134 uiri
1461 4090 1677 4133 nonne
1730 4071 1800 4132 in
1860 4068 1930 4145 Q.
1976 4069 2248 4133 Remmii
2302 4069 2714 4134 Palaemonis

355 4184 629 4244 aetatem
707 4181 943 4263 optime
1022 4179 1364 4262 quadrant3
1451 4198 1531 4240 an
1600 4175 1999 4239 censebimus
2065 4196 2101 4237 a
2166 4177 2377 4257 quarti
2439 4196 2498 4258 p.
2565 4175 2706 4240 Chr.

355 4287 595 4351 saeculi
641 4287 1054 4370 grammatico
1093 4305 1200 4350 eos
1239 4285 1553 4350 exhibitos
1611 4284 1794 4347 esse?
1841 4283 1951 4344 An
2009 4281 2264 4344 dicendi
2302 4280 2704 4346 Palaemonis

352 4414 560 4477 genus
627 4400 853 4476 quarto
918 4393 1173 4457 saeculo
1239 4392 1579 4456 conuenit?
1663 4390 1924 4452 Minime
2005 4387 2245 4451 hercle!
2329 4386 2370 4450 J
2374 4408 2477 4450 am
2549 4407 2708 4452 uero
