3197 4992
1499 336 1937 399 —70-

716 511 891 587 Quae
944 532 1000 594 p.
1056 513 1199 593 189,
1239 514 1577 592 25—190,
1619 517 1655 574 7
1713 517 2025 595 prostant,
2087 514 2205 575 etsi
2264 532 2302 573 a
2360 510 2878 575 Schottmuellero

532 640 591 702 p.
644 619 724 681 12
772 618 1146 682 Palaemoni
1191 618 1492 701 abrogata
1540 626 1714 700 sunt,
1761 626 1971 681 tamen
2021 620 2079 682 ei
2125 619 2447 681 debentur.
2541 617 2707 680 Nam
2754 623 2881 680 arte

534 726 733 809 priori
781 726 1106 789 doctrinae
1155 726 1455 789 deuincta
1501 732 1666 788 sunt.
1762 724 2254 789 Schottmueller
2300 731 2513 788 autem
2560 743 2700 788 eam
2745 745 2881 807 par-

534 837 664 897 tem
731 833 1010 915 excepit,
1079 832 1251 915 quod
1307 831 1515 894 Varro
1582 831 1686 894 hic
1750 831 2047 895 laudatus
2105 838 2282 896 esset.
2380 831 2497 894 Cui
2557 831 2884 893 offensioni

532 940 747 1002 locum
794 959 925 1002 non
975 958 1110 1003 esse
1157 958 1347 1022 supra
1392 937 1684 1001 docuisse
1729 938 1889 999 mihi
1934 939 2173 1002 uideor.
2266 941 2502 1022 Incipit
2546 939 2702 1001 haec
2745 958 2884 1021 par-

534 1046 760 1108 ticula:
824 1037 1116 1108 ‘Conlata
1179 1052 1334 1108 sunt
1397 1038 1751 1107 aduerbia'.
1845 1047 1934 1109 At
1980 1046 2253 1108 multum
2310 1065 2455 1127 spes
2503 1065 2648 1108 eum
2695 1045 2883 1126 fallet,

537 1154 649 1235 qui
685 1152 1091 1215 Palaemonis
1139 1151 1446 1215 aduerbia
1493 1151 1913 1234 scriptoribus
1959 1154 2194 1216 usitata
2241 1159 2539 1215 secutura
2577 1153 2883 1234 opinetur.

450 1309 453 1311 -
535 1257 765 1322 Denuo
822 1261 992 1325 enim
1049 1259 1375 1322 Charisius
1422 1258 1826 1322 Palaemonis
1885 1260 2171 1323 doctrina
2228 1258 2521 1321 uberiore
2583 1259 2887 1321 nimirum

536 1366 803 1450 abrupta
858 1388 931 1430 ac
979 1368 1283 1430 destituta
1337 1367 1416 1429 ad
1460 1365 1827 1429 Romanum
1875 1387 1943 1430 se
1998 1368 2283 1430 contulit.
2378 1366 2741 1428 Paucorum
2799 1370 2886 1427 ta-

535 1493 683 1536 men
731 1475 1108 1557 scriptorum
1165 1474 1458 1557 exempla
1513 1494 1550 1535 a
1597 1473 1982 1537 Palaemone
2030 1479 2330 1556 congesta
2375 1474 2668 1536 retinuit:
2727 1471 2889 1535 Var-

534 1582 711 1643 ronis
767 1580 866 1642 111
924 1580 1081 1664 περὶ
1138 1576 1573 1665 χαρακτήρων,
1643 1580 1859 1644 Plauti
1924 1582 2359 1661 Aululariam,
2423 1579 2890 1659 Mostellariam,

540 1686 1010 1750 Curculionem.

721 1793 1029 1876 Sequitur
1073 1816 1131 1878 p.
1188 1797 1329 1875 190,
1353 1797 1634 1875 8—224,
1651 1797 1742 1857 22
1792 1795 2060 1858 Romani
2109 1795 2186 1857 de
2233 1794 2540 1857 aduerbio
2588 1793 2888 1855 doctrina.

536 1902 935 1965 Praemissus
984 1907 1079 1965 est
1132 1901 1349 1964 breuis
1407 1905 1922 1984 commentarius,
1983 1921 2107 1984 quo
2156 1903 2553 1982 summatim,
2610 1899 2770 1982 quid
2819 1899 2894 1962 de

537 2028 664 2071 usu
709 2013 901 2090 atque
947 2008 1290 2091 generibus
1347 2009 1800 2072 aduerbiorum
1859 2010 2207 2072 dicendum
2263 2013 2455 2090 esset,
2516 2012 2731 2070 actum
2784 2011 2891 2069 est.

541 2112 667 2189 Qui
731 2117 1229 2178 commentarius
1293 2136 1528 2199 magna
1593 2136 1677 2179 ex
1723 2122 1900 2199 parte
1958 2121 2020 2178 et
2086 2115 2439 2178 disserendi
2498 2118 2561 2177 et
2620 2113 2890 2175 docendi

539 2221 938 2286 Palaemonis
982 2225 1290 2286 rationem
1338 2243 1490 2307 prae
1538 2243 1607 2287 se
1642 2225 1777 2286 fert.
1852 2222 2107 2286 Etenim
2158 2223 2456 2304 exempla
2493 2220 2896 2283 Palaemonis

537 2330 667 2391 ritu
714 2328 862 2392 ficta
907 2349 981 2392 ac
1026 2331 1263 2409 regulis
1311 2331 1562 2393 adserta
1610 2336 1789 2409 sunt;
1839 2329 2295 2392 aduerbiorum
2335 2326 2565 2390 deinde
2602 2327 2897 2409 singulae

538 2439 784 2518 species
823 2436 1043 2500 eodem
1081 2437 1211 2501 fere
1259 2438 1484 2501 ordine
1532 2437 1902 2520 eisdemque
1940 2435 2519 2521 significationibus
2558 2453 2894 2518 exponun-

478 2541 481 2545 ‘
538 2551 679 2621 tur;
756 2543 1158 2607 Palaemonis
1235 2545 1544 2607 dictiones
1619 2545 1765 2608 illae
1838 2544 2345 2626 frequentantur.
2468 2542 2601 2606 Nec
2675 2547 2891 2606 tamen

539 2651 834 2733 exempla
896 2651 1043 2729 ista,
1112 2654 1412 2732 quoniam
1480 2650 1807 2713 Charisius
1872 2651 2127 2732 plenam
2193 2649 2472 2712 Remmii
2538 2650 2893 2712 doctrinam

546 2951 702 3005 Certe
756 2951 897 3003 intcr
951 2953 1135 3019 aptota
1188 2951 1408 3004 nomina
1462 2951 1696 3020 pluralia
1740 2952 2047 3020 posuimus,
2107 2951 2276 3005 secuti
2331 2951 2617 3019 praecepta
2645 2948 2897 3018 magistri

543 3041 732 3094 nostri.
807 3040 915 3093 Alii
951 3041 1095 3093 inter
1130 3043 1443 3109 pronomina
1480 3033 1810 3108 posuerunt?

721 3128 940 3197 Spectat
978 3131 1359 3199 grammaticus
1397 3132 1463 3185 ad
1504 3130 1803 3183 doctrinam
1852 3145 2008 3183 suam
2055 3128 2109 3181 in
2150 3129 2281 3183 libro
2320 3128 2547 3182 Charisii
2583 3128 2611 3181 Ι
2647 3145 2696 3195 p.
2737 3130 2825 3194 36,
2865 3131 2897 3178 6

540 3218 828 3287 prolatam:
865 3213 1026 3272 ‘Sunt
1062 3221 1326 3287 quaedam
1356 3219 1639 3288 pluraliter
1665 3221 1876 3272 tantum
1907 3220 2216 3285 monoptota
2242 3217 2551 3271 communia
2575 3217 2632 3269 in
2657 3216 2898 3269 numeris

541 3309 735 3376 posita,
774 3309 928 3362 uelut
964 3311 1042 3362 tot
1079 3312 1210 3377 quot
1247 3310 1458 3377 aliquot
1495 3310 1772 3377 quotquot.
1849 3306 1997 3360 Haeo
2034 3307 2126 3360 alii
2162 3323 2389 3375 posuere
2426 3307 2565 3359 inter
2592 3297 2894 3369 aduerbia’3

547 3398 637 3451 his
661 3398 796 3450 adde
823 3415 960 3466 quae
990 3399 1134 3466 apud
1160 3401 1545 3466 excerptorem,
1573 3397 1669 3464 qui
1694 3396 2000 3449 accuratius
2025 3396 2126 3449 hac
2154 3399 2303 3463 parte
2334 3395 2669 3448 Palaemonis
2695 3394 2894 3448 doctri-

542 3504 668 3541 nam
701 3488 999 3554 descripsit,
1028 3505 1077 3555 p.
1104 3494 1222 3549 551,
1255 3492 1317 3540 21
1350 3488 1562 3555 praeter
1596 3485 1705 3538 alia
1734 3489 2048 3538 occurrunt:
2083 3478 2252 3536 ‘Haec
2284 3484 2378 3535 alii
2407 3484 2551 3537 inter
2581 3483 2898 3551 pronomina

544 3579 859 3642 posuerunt,
899 3576 993 3629 alii
1031 3576 1174 3629 inter
1211 3567 1500 3630 aduerbia.'
1540 3605 1609 3613 —-
1649 3574 1914 3627 Christius
1951 3573 1985 3627 l.
2026 3574 2058 3626 l.
2098 3591 2148 3641 p.
2194 3577 2294 3626 125
2331 3574 2497 3626 uerba
2532 3573 2651 3626 illa:
2702 3566 2899 3648 ‘secuti

540 3667 830 3732 praecepta
875 3665 1123 3734 magistri
1168 3657 1366 3718 nostri²
1416 3681 1448 3716 a
1491 3663 1736 3717 Charisio
1786 3664 2022 3732 profecta
2068 3679 2187 3716 esse
2236 3663 2489 3729 coniecit,
2546 3678 2721 3730 neque
2767 3677 2897 3713 uero

543 3752 680 3804 mihi
735 3754 1021 3820 persuasit.
1097 3754 1140 3806 E
1195 3770 1377 3806 rerum
1436 3755 1694 3806 contextu
1751 3753 1893 3805 enim
1953 3753 2085 3805 satis
2140 3754 2322 3819 patere
2381 3752 2706 3819 putauerim,
2761 3750 2898 3802 haec

542 3843 710 3895 uerba
746 3859 778 3895 a
815 3843 1054 3896 Charisio
1094 3843 1271 3896 aliena
1308 3858 1443 3896 esse.
1519 3847 1600 3897 Ac
1638 3860 1706 3895 ne
1743 3844 1844 3895 hoc
1882 3842 2100 3909 quidem
2138 3857 2237 3894 nos
2277 3841 2535 3906 monebit,
2581 3840 2723 3908 quod
2758 3838 2896 3892 Sue-

543 3931 724 3985 tonius
774 3931 1149 3985 Palaemonem
1199 3936 1546 4002 praeceptore
1598 3949 1760 3985 usum
1811 3947 1929 3984 esse
1981 3946 2088 3983 non
2134 3930 2371 3982 tradidit.
2456 3930 2672 3982 Etenim
2720 3944 2895 3997 gram-

542 4020 803 4073 maticum
841 4037 959 4075 eam
998 4022 1310 4091 doctrinam,
1350 4039 1489 4090 quae
1529 4022 1672 4088 apud
1709 4019 2017 4088 posterioris
2056 4018 2247 4071 aetatis
2286 4019 2662 4087 grammaticos
2701 4018 2895 4070 exstat.

542 4126 650 4163 non
706 4127 775 4163 ex
839 4127 897 4164 se
958 4127 1265 4179 procreasse
1327 4129 1427 4164 nec
1483 4106 1638 4163 ‘dum
1700 4109 1988 4162 comitatur
2050 4107 2232 4159 erilem
2289 4107 2464 4159 filium
2518 4107 2571 4159 in
2631 4097 2899 4160 scholam'

541 4199 875 4270 (Suetonius)
916 4200 1182 4268 didicisse,
1213 4201 1309 4253 sed
1346 4200 1569 4252 docendi
1606 4200 1880 4251 auctorem
1906 4197 2161 4250 habuisse
2187 4197 2532 4264 perspicuum
2561 4198 2658 4249 est.
2708 4194 2896 4262 Neque

540 4291 723 4342 tamen
763 4293 860 4343 aut
895 4291 1037 4359 apud
1076 4289 1385 4343 Charisium
1423 4291 1517 4342 aut
1554 4287 1704 4354 alibi,
1759 4286 2011 4354 quamuis
2055 4285 2451 4355 inuestigarim,
2503 4285 2793 4353 quicquam
2832 4282 2898 4335 de

540 4377 876 4433 Palaemonis
913 4382 1255 4448 praeceptore
1292 4379 1527 4446 reperire
1565 4377 1732 4445 potui.
