3197 4992
519 541 773 602 ritatem
821 540 1229 622 speciemque
1275 559 1424 623 prae
1464 559 1531 603 se
1568 540 1708 620 fert,
1759 560 1922 622 quae
1960 541 2028 601 in
2065 541 2409 622 principem
2449 538 2570 605 sub
2611 537 2887 600 Claudio

520 649 1008 728 grammaticum
1056 649 1402 709 conueniat
1445 665 2062 728 nonnumquamque
2108 647 2298 709 etiam
2336 648 2546 729 inepta
2585 645 2893 711 uideatur

522 771 675 816 esse.
768 752 932 815 Nam
992 754 1198 815 omnis
1255 753 1420 816 liber
1476 755 1775 835 quamuis
1832 756 2126 836 egregius
2179 755 2544 836 optimeque
2593 753 2892 834 digestus

520 860 576 920 si
625 860 916 922 ordinem
975 861 1117 923 aliis
1173 860 1494 922 translatis
1552 859 1694 922 aliis
1752 861 2003 921 omissis
2069 860 2386 940 dissoluiS,
2450 860 2895 941 corrumpitur

518 968 984 1049 grauitateque,
1044 986 1205 1048 quae
1264 968 1330 1028 in
1388 986 1461 1029 eo
1520 968 1737 1047 fuerit,
1799 968 2102 1048 priuatur.
2199 965 2383 1041 Quod
2441 985 2567 1048 quo
2622 965 2894 1047 longius

518 1075 808 1154 prouecti
865 1072 1122 1154 erimuS,
1181 1092 1254 1135 eo
1311 1075 1516 1156 magis
1573 1072 1901 1156 apparebit
1953 1093 2082 1135 non
2131 1074 2460 1135 minimam
2504 1080 2747 1155 partem
2806 1092 2897 1135 ex

520 1198 613 1259 e0,
674 1180 844 1262 quod
904 1181 1196 1262 sequitur
1252 1182 1455 1263 capite
1502 1180 1654 1242 XV.
1749 1181 1872 1243 Sed
1927 1182 2303 1262 priusquam
2358 1180 2477 1242 hoc
2535 1185 2725 1261 caput
2776 1180 2898 1241 ad-

519 1287 912 1368 grediamur,
961 1289 1568 1369 circumspiciamus,
1612 1288 1767 1369 quid
1806 1308 1839 1350 e
1877 1286 2316 1369 superioribus
2354 1285 2516 1347 XIV
2566 1286 2898 1369 capitibus

518 1393 599 1455 de
648 1393 901 1456 dicendi
950 1393 1349 1476 docendique
1398 1394 1800 1456 Palaemonis
1848 1397 2090 1457 ratione
2129 1394 2634 1475 cognouerimus.
2700 1391 2898 1467 Quae

516 1501 681 1562 ratio
750 1501 1048 1581 quamuis
1114 1502 1425 1563 uniuersa
1493 1501 1716 1564 eadem
1782 1503 1891 1573 sit,
1960 1521 2151 1583 quam
2218 1520 2412 1582 supra
2479 1521 2535 1582 p.
2597 1502 2898 1562 21-28

521 1606 740 1687 docui,
805 1612 1022 1669 tamen
1090 1609 1398 1688 quoniam
1466 1608 1590 1669 alia
1656 1609 1799 1669 aliis
1862 1609 2228 1688 firmantur,
2300 1608 2685 1688 grauissima
2750 1618 2902 1671 non

519 1713 1084 1794 praetermittenda
1147 1713 1466 1777 uidentur.
1560 1714 1657 1777 Ea
1723 1721 1960 1789 autem,
2020 1733 2183 1796 quae
2239 1732 2416 1775 nune
2464 1713 2541 1775 de
2593 1712 2900 1778 Charisio

520 1816 921 1881 delibaturus
986 1840 1154 1895 sum,
1229 1821 1464 1883 similia
1540 1822 1709 1903 apud
1776 1826 2211 1903 excerptorem
2278 1820 2898 1903 deprehenduntur;

523 1945 799 2007 quorum
864 1946 1071 2008 pauca
1136 1928 1416 2009 exempli
1473 1930 1681 2010 gratia
1738 1929 1983 1991 addam.
2079 1926 2249 1989 Nam
2306 1932 2368 1989 et
2426 1932 2766 2009 excerptor
2819 1934 2904 1991 ut

522 2030 851 2095 Charisius
907 2051 1003 2114 ea,
1066 2053 1229 2115 quae
1285 2036 1524 2117 recepit
1580 2054 1615 2096 e
1663 2033 2066 2097 Palaemonis
2113 2033 2297 2109 libro,
2358 2035 2705 2116 praecipua
2752 2033 2900 2097 fide

517 2139 771 2221 recepit.
864 2138 1091 2222 Itaque
1149 2142 1300 2223 quia
1356 2141 1518 2204 alter
1576 2141 1852 2203 alterum
1905 2161 2035 2203 non
2090 2142 2348 2223 pressit,
2404 2141 2512 2202 uel
2576 2160 2613 2202 a
2668 2141 2901 2222 primo

522 2246 937 2309 statuendum
985 2251 1080 2309 est
1127 2268 1164 2309 a
1209 2253 1437 2310 neutro
1487 2266 1587 2324 ea,
1639 2267 1804 2330 quae
1849 2267 2200 2329 proponam
2248 2253 2384 2309 orta
2432 2266 2588 2310 esse.

698 2352 761 2414 A
807 2355 1117 2416 ueniendi
1174 2354 1372 2416 uerbo
1419 2355 1527 2417 illo
1577 2354 1890 2417 dictiones
1935 2354 2119 2417 fictae
2166 2359 2317 2416 sunt
2371 2353 2519 2416 hae:
2579 2347 2677 2414 ‘in
2737 2357 2904 2417 uni-

520 2463 717 2523 tatem
764 2455 1020 2525 uenire'
1066 2482 1124 2545 p.
1156 2463 1362 2543 13,28
1404 2466 1467 2525 et
1510 2455 1768 2525 ‘uenire
1815 2455 1994 2525 cum'
2030 2482 2089 2545 p.
2128 2462 2331 2542 13,29
2379 2480 2519 2544 pro:
2571 2461 2906 2547 coniungi

522 2585 699 2646 eum3
766 2560 1022 2631 ‘uenire
1084 2560 1195 2631 ex'
1260 2589 1318 2651 p.
1369 2571 1473 2648 22,
1516 2571 1596 2630 12
1661 2589 1807 2651 pro:
1876 2570 2173 2647 transire3
2240 2561 2358 2630 ‘ex
2424 2569 2906 2650 compositione

521 2668 778 2736 uenire'
825 2696 881 2757 p.
932 2678 1045 2751 24,
1081 2678 1159 2738 13
1196 2695 1209 2736 :
1244 2678 1391 2755 540,
1422 2677 1503 2738 10
1540 2696 1686 2757 pro:
1739 2678 2061 2759 componi3
2109 2669 2368 2738 ‘uenire
2403 2669 2505 2736 in’
2540 2696 2598 2757 p.
2648 2675 2757 2751 25,
2786 2679 2906 2758 29,

522 2783 636 2858 33;
687 2782 851 2861 26,3
898 2802 1040 2864 pro:
1081 2782 1283 2844 finiri:
1331 2775 1441 2844 ‘ex
1478 2784 1932 2845 communione
1970 2777 2223 2846 uenire'
2269 2803 2326 2865 p.
2369 2785 2559 2862 27,13
2586 2803 2598 2843 :
2625 2784 2778 2863 541,
2811 2787 2903 2848 19

520 2907 667 2969 pro:
718 2890 970 2970 generis
1010 2889 1369 2951 communis
1417 2908 1584 2968 esse,
1635 2891 1819 2951 item:
1869 2882 2014 2972 ‘per
2060 2890 2580 2951 communionem
2625 2886 2909 2953 uenire²

520 3014 580 3076 p.
611 2995 819 3075 28,27
847 3016 859 3057 ;
884 2998 1166 3076 541,31;
1216 2989 1315 3057 ‘in
1356 2998 1822 3058 extremitatem
1865 2990 2115 3058 uenire'
2151 3016 2209 3078 p.
2242 2999 2344 3076 25,
2367 2998 2450 3058 32
2489 3016 2630 3078 pro:
2669 2995 2902 3078 finiri3

521 3101 623 3163 his
670 3103 930 3165 additur
973 3096 1405 3166 ‘extremitas'
1452 3105 1591 3185 ipsa
1635 3124 1693 3186 p.
1730 3105 1917 3183 19,8;
1960 3106 2153 3182 24,4;
2196 3105 2299 3184 25,
2321 3106 2424 3184 24,
2476 3123 2638 3185 quae
2683 3124 2744 3186 p.
2777 3110 2904 3185 42,

522 3214 607 3274 35
633 3231 645 3271 :
672 3213 818 3291 544,
841 3213 924 3273 34
974 3213 1165 3273 etiam
1209 3203 1468 3273 ‘elafio'
1516 3211 1686 3273 dicta
1733 3216 1842 3272 est.
1885 3248 1967 3254 -—
2008 3209 2329 3272 Efferendi
2368 3210 2643 3273 uerbum
2682 3212 2907 3294 signi-

519 3318 832 3395 ficatione,
864 3338 1053 3400 quam
1085 3338 1275 3400 supra
1299 3338 1357 3400 p.
1380 3320 1458 3379 21
1493 3318 1734 3397 monui,
1757 3316 2225 3379 duodetriciens
2248 3319 2548 3379 occurrit:
2581 3339 2637 3400 p.
2661 3319 2764 3398 19,
2787 3324 2905 3403 14,

528 3428 639 3503 17;
681 3426 918 3505 2Ο,14;
960 3427 1440 3504 21,1,4,9,17;
1483 3427 1722 3501 22,18;
1765 3425 2003 3503 23,31;
2045 3426 2649 3504 24,4,5,7,23,26;
2692 3426 2806 3506 25,
2839 3431 2904 3504 1,

529 3533 765 3612 16,18;
807 3534 1129 3613 27,2,16;
1173 3533 1368 3608 29,2;
1411 3533 1611 3610 35,1;
1653 3532 1850 3610 38,3;
1891 3533 2210 3610 41,1,16;
2253 3533 2450 3611 42,1;
2492 3534 2735 3613 43,16;
2779 3538 2904 3618 44,

523 3640 637 3717 27;
680 3640 784 3718 48,
808 3640 864 3702 8.
938 3638 1375 3700 Accusatiuus
1415 3656 1620 3717 casus,
1671 3655 1864 3718 quem
1909 3636 2286 3719 plerumque
2333 3644 2523 3700 uocat
2564 3658 2905 3720 gramma-

522 3745 708 3824 ticuS,
752 3735 1223 3807 ‘incusatiuus'
1272 3744 1628 3827 appellatus
1678 3749 1774 3806 est
1817 3764 1875 3826 p.
1919 3747 2110 3825 17,7;
2153 3746 2900 3828 20,1,15;538,2,16;

523 3851 772 3926 29,17:
807 3852 955 3931 542,
985 3852 1099 3928 24;
1140 3853 1423 3931 47,15.1)
1472 3888 1556 3895 ——
1605 3850 1956 3913 Nominum
2005 3851 2477 3931 declinationeS,
2524 3853 2691 3913 sicut
2735 3872 2903 3917 uer-

521 3955 754 4019 borum
804 3959 1306 4041 coniugationes,
1354 3977 1499 4021 cum
1547 3950 1872 4020 ‘ordines'
1919 3978 1977 4040 p.
2031 3958 2130 4036 18,
2155 3960 2271 4036 7,8
2288 3977 2302 4033 ;
2343 3959 2447 4034 21,
2478 3960 2550 4035 33
2593 3960 2697 4039 23,
2729 3961 2898 4041 3,6;

706 4222 745 4291 ¹)
796 4223 1033 4276 Casuum
1068 4224 1287 4276 nomina
1321 4240 1353 4276 a
1387 4224 1611 4277 Graecis
1648 4224 1965 4291 deprompta
2003 4225 2128 4275 sunt
2164 4222 2532 4292 grammaticis
2571 4224 2637 4277 cf.
2673 4223 2897 4295 Diony-

523 4312 640 4365 sius
668 4329 717 4380 p.
739 4316 826 4381 36,
857 4318 912 4366 5:
954 4309 1204 4371 ῙΙτιόσεις
1230 4305 1522 4385 ὀνομάτων
1548 4313 1653 4365 εἰσί
1679 4312 1859 4365 πέντε·
1900 4303 2063 4384 ὀρθή,
2100 4310 2307 4383 γενική,
2348 4308 2550 4382 δοτική,
2591 4314 2898 4387 αἰτιατική,

521 4399 764 4471 κλητική.
