3197 4992
1300 391 1737 452 ..ew-..-

519 561 724 646 Caput
768 564 870 627 XI
914 588 970 649 p.
1027 568 1625 649 175,28—-178,35
1675 567 2047 631 Cominiano
2095 567 2174 631 ab
2220 570 2359 652 ipso
2398 568 2681 633 Charisio

335 667 743 751 adsignatum
804 678 913 735 est.
1006 671 1294 736 Docendi
1354 676 1514 737 ratio
1577 675 1657 738 ad
1718 674 2165 738 Palaemonem
2229 696 2358 739 non
2423 678 2680 740 accedit.

332 774 427 836 At
492 782 804 857 quantum
877 780 1260 843 discriminis
1327 783 1410 844 sit
1472 784 1644 845 inter
1705 781 2091 864 Geminiani,
2158 783 2479 865 siquidem
2545 786 2681 868 ipse
2737 822 2743 830 -

331 883 491 963 quid
538 901 622 945 ex
669 904 737 947 se
785 887 1092 949 extulerit
1137 894 1199 951 et
1244 906 1370 949 non
1419 889 1909 971 transcripserit,
1957 894 2020 952 et
2062 889 2232 952 inter
2277 889 2680 953 Palaemonis

331 986 708 1072 doctrinam,
757 1012 840 1055 ex
887 994 1009 1056 hoc
1055 995 1335 1056 maxime
1385 997 1587 1077 capite
1635 995 1884 1058 conlato
1933 1015 2080 1058 cum
2131 998 2239 1077 eis,
2289 1015 2453 1078 quae
2499 1015 2679 1079 prae-

329 1095 569 1159 cedunt
624 1098 898 1162 Remmii
959 1103 1313 1184 praeceptis
1370 1102 1595 1164 elucet.
1707 1103 1926 1184 Atque
1973 1101 2333 1166 Cominiani
2392 1104 2682 1167 doctrina

323 1223 479 1285 prae
534 1203 915 1270 Remmiana
971 1228 1050 1271 ne
1107 1208 1292 1271 flocci
1350 1209 1610 1291 quidem
1680 1215 1804 1288 est3
1885 1210 2338 1274 Palaemonem
2400 1231 2548 1274 cum
2605 1230 2679 1274 eo

324 1315 686 1394 comparari
732 1316 922 1377 etiam
970 1314 1287 1398 flagitium
1334 1322 1443 1378 est.
1545 1315 1709 1378 Nam
1759 1315 2211 1380 Palaemonem
2260 1317 2680 1380 Cominianus

324 1424 441 1480 aut
498 1421 682 1501 copia
738 1426 849 1483 aut
904 1423 1202 1485 acumine
1260 1424 1522 1485 omnino
1579 1442 1711 1485 non
1773 1429 2021 1505 aequa-t.
2135 1423 2259 1486 Sed
2322 1425 2479 1506 quid
2537 1425 2678 1487 dico

318 1515 650 1607 ‘aequat'3
738 1530 850 1610 qui
925 1529 1074 1591 licet
1149 1530 1420 1593 conferri
1493 1531 1941 1612 grammaticos
2017 1531 2456 1612 compilatores
2530 1551 2678 1594 cum

321 1632 729 1696 auctoribus!

507 1737 882 1821 Sequuntur
944 1736 1343 1826 ‘participia'
1417 1746 1642 1826 capitis
1707 1742 1841 1805 XII
1914 1764 1972 1826 p.
2041 1746 2184 1821 178,
2207 1745 2554 1824 26-180,
2576 1747 2678 1809 26.

325 1841 507 1918 Quae
563 1846 714 1909 inde
761 1869 797 1910 a
852 1871 905 1932 p.
963 1853 1473 1932 178,16—-179,
1502 1852 1581 1914 10
1627 1852 1959 1933 leguntur,
2016 1870 2099 1913 ex
2143 1870 2273 1913 uno
2324 1853 2678 1934 eodemque

319 1950 490 2013 libro
540 1962 795 2036 sumpta
842 1975 980 2020 esse
1031 1959 1480 2040 unusquisque
1529 1977 1562 2020 e
1613 1959 1965 2021 disserendi
2011 1959 2119 2019 uia
2164 1957 2349 2019 facile
2387 1958 2675 2040 conliget.

320 2056 494 2122 Sane
535 2057 1028 2126 Schottmueller
1071 2086 1131 2148 p.
1180 2069 1256 2128 17
1307 2086 1397 2141 ea,
1447 2085 1611 2147 quae
1658 2085 1715 2147 p.
1760 2067 1905 2142 178,
1927 2067 2253 2146 36—180,
2278 2066 2360 2129 10
2407 2069 2678 2145 exstant,

320 2164 407 2226 ab
457 2166 672 2249 alter0,
720 2190 756 2231 a
805 2169 1199 2254 Cominiano,
1261 2178 1512 2254 recepta
1559 2191 1696 2235 esse
1743 2172 1953 2234 uoluit
1996 2170 2157 2251 ide0,
2218 2172 2389 2253 quod
2446 2171 2515 2232 in
2559 2170 2679 2232 hac

317 2274 641 2356 particula
687 2277 911 2340 eadem
961 2280 1274 2360 exempla,
1325 2297 1488 2361 quae
1534 2299 1591 2361 p.
1648 2281 2046 2359 168,5-18
2106 2284 2169 2341 et
2215 2278 2471 2340 caedem
2520 2282 2677 2339 tem-

317 2399 556 2462 porum
617 2383 1115 2465 significationes
1178 2392 1601 2448 occurrerent.
1710 2386 1835 2450 Sed
1893 2386 2059 2448 hanc
2118 2385 2494 2468 particulam
2558 2384 2677 2447 Pa-

321 2488 636 2552 laemonis
692 2510 830 2555 esse
888 2513 1107 2576 supra,
1164 2514 1313 2557 cum
1371 2493 1448 2556 de
1511 2496 1732 2577 capite
1768 2493 1930 2556 VIII
1987 2511 2402 2575 exponerem,
2471 2493 2676 2556 docui.

320 2594 663 2659 Praeterea
709 2602 911 2662 nostri
975 2603 1197 2683 capitis
1247 2601 1538 2663 doctrina
1594 2601 1676 2662 ad
1725 2600 2177 2662 Cominianum
2235 2601 2499 2663 omnino
2546 2620 2677 2663 non

320 2703 590 2768 accedit.
682 2704 842 2768 Eam
899 2715 1112 2770 autem
1161 2710 1385 2790 capitis
1440 2709 1645 2771 nostri
1689 2712 1951 2790 partem,
2001 2727 2192 2788 quam
2239 2725 2433 2789 supra
2476 2709 2677 2790 posui,

320 2831 361 2872 a
412 2809 797 2876 Palaemone
846 2821 1048 2878 ortam
1097 2835 1235 2879 esse
1281 2816 1386 2877 uel
1434 2835 1469 2878 e
1518 2814 1870 2877 disserendi
1918 2832 2149 2895 genere
2187 2814 2676 2876 demonstratur.

322 2919 610 3001 Accedit,
651 2921 823 3003 quod
866 2923 1179 3005 quaedam
1219 2923 1410 2984 etiam
1449 2924 1517 2983 in
1554 2920 1993 3004 superioribus
2032 2919 2432 2984 Palaemonis
2474 2922 2678 2984 titulis

323 3031 593 3089 tractata
648 3034 828 3106 sunt3
907 3028 979 3090 cf.
1028 3049 1085 3111 p.
1132 3031 1728 3110 179,17:155,30;
1795 3029 2676 3108 179,2·2:168,17:48,1-—

328 3133 789 3214 16:49,3*-5.

501 3239 639 3303 Iam
699 3262 863 3325 quae
915 3244 982 3305 in
1040 3248 1325 3306 extremo
1375 3246 1581 3327 capite
1640 3265 1697 3326 p.
1761 3241 2190 3323 180,11--26
2247 3240 2675 3322 proferuntur,

324 3367 722 3430 quamquam
761 3349 1136 3413 Cominiano
1184 3372 1219 3413 a
1262 3349 1547 3413 Charisio
1597 3350 1916 3432 adscripta
1963 3352 2130 3428 sunt,
2177 3352 2391 3410 tamen
2439 3349 2496 3410 ei
2544 3368 2675 3411 non

323 3455 654 3519 debentur.
746 3457 1038 3520 Primum
1090 3460 1260 3520 enim
1320 3459 1476 3521 haec
1520 3457 1834 3540 particula
1892 3476 2038 3518 cum
2098 3454 2507 3538 praecedenti
2554 3454 2674 3516 Pa-

322 3561 635 3625 laemonis
689 3566 1009 3648 participii
1068 3565 1351 3628 doctrina
1408 3566 1760 3647 conspirat3
1823 3563 2055 3626 deinde
2112 3563 2333 3625 eadem
2381 3561 2676 3642 exempla

324 3671 715 3749 retinentur3
783 3691 1022 3752 genera
1068 3681 1281 3734 autem
1330 3670 1514 3734 uerbi
1561 3670 1951 3734 exhibentur
1999 3671 2312 3752 quinque:
2387 3668 2674 3729 actiuum

324 3779 651 3858 passiuum
717 3783 1019 3841 neutrum
1088 3797 1429 3841 commune
1488 3778 1839 3861 deponens,
1909 3795 2073 3858 quae
2127 3777 2195 3837 in
2251 3776 2456 3858 capite
2511 3773 2677 3836 VIII

323 3882 726 3947 Palaemonis
803 3888 1261 3967 cognouimus3
1348 3904 1537 3968 porro
1603 3882 1974 3963 DositheuS,
2051 3884 2162 3965 qui
2228 3880 2676 3943 Palaemonem

322 3992 567 4072 pressit,
624 3990 757 4053 VII
821 4013 878 4075 p.
929 3994 1347 4074 408‚1—20
1413 3998 1659 4075 partem
1722 3991 1918 4053 huius
1985 3990 2310 4051 doctrinae
2377 3989 2673 4050 seruauit.

323 4095 548 4161 Totum
612 4116 767 4160 uero
845 4099 1116 4162 docendi
1176 4118 1383 4180 genus
1453 4098 1906 4161 Palaemonem
1980 4095 2233 4159 redolet.
2347 4092 2676 4168 Quaedam

329 4206 508 4267 etiam
597 4206 861 4287 perinde
933 4208 1001 4268 in
1082 4208 1287 4290 primo
1368 4204 1638 4268 Charisii
1708 4204 1876 4267 libro
1953 4202 2295 4265 Palaemon
2380 4201 2676 4262 tractauit

329 4311 397 4373 cf.
453 4334 509 4396 p.
561 4314 802 4392 22,1·2;
852 4316 955 4394 44,
978 4315 1273 4391 23—263
1336 4313 1697 4392 48,1—-16.
1814 4312 2109 4392 Denique
2179 4308 2469 4371 doctrina
2536 4307 2676 4388 ipsa

330 4415 772 4482 Cominianum
837 4420 1125 4502 explodit
1198 4425 1394 4501 atque
1469 4424 1740 4500 superat.
1860 4417 2088 4499 Itaque
2165 4419 2276 4477 aut
2348 4413 2674 4476 Charisius

2283 4518 2354 4573 5*
