3197 4992
1486 291 1926 353 „18”

521 473 809 551 tangam,
870 466 1166 530 incendio
1232 466 1350 530 sub
1397 465 1653 531 Nerone
1700 472 1836 530 orto
1885 468 2133 532 deletae
2147 466 2195 551 1)
2254 478 2643 551 quamquam
2688 469 2905 530 resti·

527 578 701 636 tutae
756 579 933 654 sunt,
1000 580 1238 653 tamen,
1308 574 1519 657 quoad
1584 575 1976 657 inuestigare
2034 575 2193 637 mihi
2249 577 2541 658 contigit,
2608 594 2735 637 non
2813 576 2902 637 in

527 685 826 763 quartum
869 700 928 762 p.
971 679 1112 743 Chr.
1161 680 1490 743 saeculum
1526 688 2026 764 permanserunt.
2100 681 2302 745 Porro
2351 682 2633 746 thermae
2672 680 2903 744 Nero·

523 788 756 851 nianae
805 825 888 831 —
939 807 1087 850 nam
1144 786 1224 850 de
1276 787 1546 850 Titianis
1600 788 1672 850 iu
1728 787 1858 850 fine
1913 788 2106 851 huius
2167 789 2619 871 disputationis
2679 808 2902 870 expo-

524 912 673 955 nam
722 931 805 937 —
855 893 933 956 ab
980 893 1356 957 Alexandro
1397 890 1632 956 Seuero
1683 893 2101 976 amplificatae
2147 894 2299 958 inde
2346 894 2425 958 ab
2473 913 2546 958 eo
2594 900 2903 979 tempore

524 1000 1007 1083 Alexandrinae
1055 1000 1262 1062 dictae
1310 1003 1541 1078 sunm)
1592 1038 1676 1046 —
1726 999 1915 1081 Quid,
1960 1020 2175 1064 nonne
2222 1007 2285 1065 et
2328 1002 2448 1064 hoc
2494 1021 2736 1065 nouum
2780 1022 2900 1064 ar-

521 1111 899 1188 gumentum
944 1112 1054 1185 est,
1103 1105 1275 1188 quod
1311 1107 1500 1188 primi
1540 1108 1741 1171 solius
1778 1108 2017 1170 saeculi
2055 1108 2335 1171 thermae
2374 1127 2615 1190 eaeque
2651 1108 2901 1171 Palae-

525 1213 870 1276 monianae
916 1215 1140 1276 aetatis
1186 1212 1589 1295 appellantur
1627 1219 1688 1276 et
1726 1233 1857 1277 non
1894 1233 2022 1296 eae,
2071 1234 2236 1297 quae
2275 1217 2580 1297 quoniam
2625 1217 2897 1298 magni-

527 1318 892 1382 ficentiores
970 1325 1183 1402 erant,
1274 1319 1417 1383 illas
1499 1320 1703 1403 gloria
1786 1326 2159 1405 superarent
2235 1319 2638 1383 Domitianas
2711 1319 2897 1401 dioc,

523 1425 847 1506 TraianaS,
894 1422 1343 1506 Diocletianas,
1393 1425 1886 1491 Constantinas‘?
1935 1466 2018 1473 —

712 1531 890 1607 Quae
936 1535 1151 1595 omnia
1197 1534 1252 1597 si
1292 1534 1438 1616 quis
1476 1552 1696 1596 secum
1732 1537 2139 1617 reputauerit,
2189 1536 2347 1618 quin
2385 1534 2654 1597 alterum
2689 1535 2896 1596 illum

528 1640 742 1721 quarti
811 1639 1049 1702 saeculi
1115 1639 1561 1703 Palaemonem
1623 1640 1804 1704 furca
1852 1641 2144 1724 depellat,
2211 1640 2421 1706 facere
2485 1660 2617 1703 non
2661 1641 2894 1723 possit,

529 1745 916 1828 accedatque
963 1746 1042 1808 ad
1089 1765 1229 1809 eam
1275 1748 1676 1827 sententiam,
1724 1768 1917 1829 quam
1960 1749 2205 1831 primus
2244 1749 2392 1810 tulit
2435 1750 2540 1810 uir
2586 1747 2895 1810 doctissi-

529 1871 676 1914 mus
721 1851 1045 1914 Henricus
1082 1850 1409 1934 Keiliusst)
1460 1855 1573 1935 qui
1620 1873 1850 1937 magno
1898 1855 2194 1917 acumine
2239 1874 2617 1938 summoque
2662 1853 2894 1916 labore

525 1960 1086 2042 grammaticorum
1132 1961 1333 2042 copiis
1381 1962 1673 2023 excussis
1718 1961 1838 2023 hoc
1884 1959 2070 2023 nobis
2118 1962 2320 2024 otium
2364 1961 2538 2026 fecit:
2601 1979 2737 2024 esse
2785 1979 2892 2039 ea,

530 2085 695 2148 quae
742 2065 912 2148 apud
961 2064 1321 2129 Charisium
1368 2067 1657 2148 aliosque
1721 2067 1838 2129 sub
1887 2067 2289 2132 Palaemonis
2353 2070 2612 2132 nomine
2657 2067 2891 2131 ferun-

529 2177 635 2235 tur
703 2175 1144 2256 grammatica,
1208 2174 1487 2257 profecta
1552 2193 1589 2235 a
1652 2171 1721 2247 Q.
1769 2172 2057 2236 Remmio
2124 2173 2521 2240 Palaemone.
2629 2175 2729 2237 Ac
2796 2191 2888 2236 ne

531 2276 1020 2342 Schottmueller
1067 2279 1328 2362 quidem
1370 2281 1444 2342 in
1488 2280 1678 2343 illum
1733 2299 2009 2343 errorem
2054 2281 2359 2345 inductus
2407 2288 2599 2362 esset,
2646 2281 2702 2344 si
2750 2298 2893 2362 qua

527 2385 772 2447 ratione
820 2384 1146 2449 Charisius
1203 2388 1270 2448 in
1328 2386 1814 2450 transcribenda
1858 2386 2263 2451 Palaemonis
2311 2395 2444 2452 arte
2492 2408 2645 2452 usus
2694 2391 2888 2465 esset,

526 2493 971 2575 perspexisset.
1070 2493 1476 2557 Palaemonis
1541 2495 1848 2558 nimirum
1912 2514 2013 2557 ars
2078 2494 2286 2559 simile
2352 2496 2674 2579 quoddam
2735 2513 2889 2577 per-

527 2618 714 2682 pessa
778 2605 874 2665 est
937 2620 1012 2663 ac
1056 2602 1267 2664 Verrii
1332 2607 1395 2664 et
1459 2602 1731 2665 aliorum
1776 2602 2125 2664 multorum
2172 2603 2484 2666 eiusmodi
2528 2601 2704 2682 libri,
2766 2600 2889 2683 qui
2989 2665 2992 2666 γ

530 2707 803 2769 saeculis
866 2706 1232 2789 ruentibus,
1298 2728 1446 2771 cum
1509 2710 1963 2792 imperatorum
2010 2710 2281 2772 saeuitia
2345 2715 2407 2773 et
2468 2709 2616 2772 fatis
2678 2709 2887 2791 impe-

527 2815 698 2876 rium
767 2814 1152 2896 urgentibus
1194 2847 1197 2850 ‡
1233 2835 1450 2879 omnes
1526 2816 1659 2879 fere
1734 2821 1899 2879 artes
1978 2816 2275 2879 liberales
2356 2818 2888 2879 consenescerent

525 2922 1106 3004 grammaticaeque
1154 2922 1528 3005 disciplinae
1574 2923 1658 2985 ad
1704 2924 2046 2986 circuitum
2083 2924 2377 3005 quemuis
2424 2924 2734 3005 exiguum
2778 2940 2883 2984 re-

535 3026 757 3090 dactae
832 3035 1069 3111 essent,
1153 3028 1692 3093 contrahebantur
1775 3050 1849 3093 ac
1933 3029 2556 3093 circumcidebantur
2626 3027 2884 3090 omissis

529 3135 650 3216 eiS,
708 3154 873 3217 quae
932 3135 1013 3198 ad
1061 3138 1337 3200 tardiora
1382 3138 1646 3220 ingenia
1703 3139 1920 3200 minus
1966 3142 2113 3219 apta
2160 3142 2373 3218 erant;
2435 3141 2883 3219 praeterquam

512 3241 705 3323 quod
753 3240 1077 3307 Charisius
1124 3245 1316 3306 etiam
1362 3262 1576 3306 rerum
1634 3244 1926 3306 ordinem
1981 3264 2019 3306 a
2064 3243 2449 3307 Palaemone
2510 3243 2884 3306 institutum

531 3350 827 3431 corrupit.
935 3348 1177 3425 Quodsi
1244 3370 1505 3433 operum
1561 3355 1624 3413 et
1688 3349 2101 3413 artificiorum
2159 3351 2297 3413 siue
2359 3351 2677 3433 pictorum
2739 3349 2884 3411 siue

530 3474 613 3518 ex
659 3474 804 3519 aere
848 3456 1163 3519 factorum
1215 3455 1501 3519 membra
1565 3457 1858 3519 seiuncta
1912 3475 2045 3519 non
2109 3475 2250 3519 eam
2305 3458 2581 3539 speciem
2636 3474 2710 3519 ac
2768 3472 2883 3517 ue-

530 3568 850 3626 nustatem
927 3564 1129 3626 oculis
1192 3562 1525 3646 praebent,
1603 3583 1796 3645 quam
1872 3564 1940 3625 in
2016 3583 2147 3626 uno
2214 3564 2558 3626 coniuncta
2622 3578 2882 3644 corpore

530 3670 765 3749 solent,
829 3688 986 3731 num
1049 3670 1120 3731 in
1181 3670 1473 3733 frustulis
1525 3660 1658 3733 illis
1711 3669 2124 3733 Remmianae
2189 3670 2515 3732 doctrinae
2565 3667 2879 3730 Charisia-

712 3970 752 4037 ι)
792 3969 892 4023 Dio
931 3968 1079 4026 Cass,
1119 3974 1205 4038 66,
1247 3974 1331 4024 24.

710 4059 752 4128 2)
791 4058 857 4111 cf.
896 4057 1126 4111 Becker:
1168 4058 1375 4113 Handb.
1415 4059 1466 4114 d.
1503 4062 1637 4113 rom.
1678 4058 1905 4113 Alterth.
1945 4075 1997 4126 p.
2037 4062 2145 4113 683
2184 4073 2329 4127 sqq.;
2378 4057 2566 4112 Orelli:
2607 4055 2879 4125 Regionen

508 4147 581 4203 .d.
623 4146 697 4201 St.
736 4146 875 4201 Rom
912 4164 964 4216 p.
1005 4152 1097 4215 743
1136 4151 1236 4215 853
1279 4153 1381 4203 185
1400 4164 1542 4218 sqq.;
1580 4146 2076 4202 Platner·Buusen:
2115 4146 2423 4201 Beschreib.
2462 4147 2512 4200 d.
2553 4145 2630 4199 St.
2667 4144 2805 4198 Rom
2831 4140 2875 4208 I,

533 4253 580 4304 p.
625 4240 728 4292 185
765 4252 882 4307 sqq.

711 4326 755 4396 8)
793 4326 972 4381 Gram.
1012 4326 1130 4381 Lat.
1167 4327 1212 4396 I,
1250 4345 1302 4396 p.
1341 4326 1544 4380 XLIX.
