3197 4992
1237 336 1500 411 —83
1601 385 1680 393 .-

285 579 363 646 V.
446 579 550 647 De
603 580 760 646 arte
806 577 1267 647 Palaemonis
1313 578 1818 666 grammatica,
1867 597 2009 664 quo
2056 579 2382 663 tempore
2430 579 2627 646 edita

773 686 894 768 sit,
941 688 1120 773 quot
1165 685 1379 753 libris
1426 684 1830 771 composita
1873 685 2124 753 fuerit.
2291 702 2294 705 ’

450 846 592 911 Iam
655 866 809 911 uero
877 849 1181 931 quoniam
1246 834 1601 911 doctrinam
1664 847 2065 911 Palaemonis
2128 849 2623 930 grammaticam,

280 974 437 1038 quae
483 954 650 1038 apud
699 953 1080 1036 Charisium,
1127 960 1588 1039 excerptorem,
1635 953 2036 1037 Dositheum,
2084 954 2461 1037 Romanum,
2511 953 2627 1018 Oo-

240 1098 243 1101 ι
281 1063 628 1125 minianum
673 1063 1018 1144 inuenitur,
1051 1050 1392 1145 'quantum
1447 1062 1587 1125 fieri
1644 1063 1883 1146 potuit,
1939 1064 2238 1144 eruimUS,
2284 1051 2472 1125 liceat
2518 1062 2625 1125 ad-

274 1170 436 1234 ferre
502 1188 664 1252 quae
728 1169 807 1233 de
871 1176 1173 1254 tempore,
1242 1190 1367 1252 quo
1434 1171 1604 1233 edita
1668 1154 1749 1233 sit
1813 1190 1914 1233 ars
1980 1190 2016 1232 a
2077 1169 2481 1252 Palaemone,
2548 1171 2626 1234 de

275 1277 583 1341 librorum
627 1296 888 1340 numero
939 1277 1205 1340 dicenda
1249 1277 1565 1344 uidentur.

449 1386 665 1467 Atque
709 1389 1008 1468 prouecta
1061 1386 1189 1447 iam
1238 1380 1440 1447 aetate
1487 1405 1526 1446 a
1572 1382 1954 1448 Palaemone
2002 1369 2298 1449 emissam
2344 1405 2481 1450 esse
2513 1368 2626 1449 ⁴ar-

274 1496 402 1565 tem
462 1491 571 1558 uel
634 1491 784 1555 inde
840 1492 1198 1573 conieceris,
1267 1492 1436 1574 quod
1490 1493 1943 1574 grammaticus
1992 1490 2055 1554 C.
2108 1491 2303 1555 Plinii
2350 1491 2627 1557 Secundi

271 1591 477 1662 ‘dubii
523 1592 860 1663 sermonis'
923 1599 1121 1662 libros
1188 1597 1244 1682 (Ι
1287 1620 1345 1682 p.
1399 1602 1500 1681 77,
1539 1599 1653 1678 203
1707 1601 1807 1681 79,
1846 1597 1913 1682 2)
1974 1605 2036 1662 et
2090 1600 2228 1663 eius
2276 1583 2628 1664 doctrinam

275 1707 431 1770 alias
494 1705 574 1789 (p.
629 1711 728 1788 77,
770 1709 839 1787 83
892 1709 994 1790 85,
1035 1709 1104 1786 93
1157 1708 1258 1789 88,
1302 1709 1410 1787 163
1467 1708 1611 1789 105,
1651 1706 1768 1786 20;
1820 1709 1979 1787 2253
2021 1709 2124 1789 29,
2164 1694 2272 1787 31)
2319 1694 2623 1771 laudauit.

272 1812 401 1877 Eos
465 1819 676 1877 autem
742 1814 940 1883 libros
1001 1813 1285 1877 Plinium
1350 1833 1519 1877 anno
1585 1815 1839 1877 circiter
1902 1816 2293 1898 sexagesimo
2360 1803 2623 1898 septimo

274 1921 606 2005 euulgasse
667 1942 729 1983 u.
793 1921 849 1984 d.
917 1921 1405 1985 Schottmuell'er
1467 1922 1506 1984 1.
1553 1922 1592 1984 l.
1640 1942 1698 2004 p.
1741 1924 1779 1984 5
1841 1921 2025 1985 nobis
2080 1923 2406 2005 persuasit.
2483 1911 2627 1985 -Sed

272 2048 352 2092 ne
376 2024 379 2027 ’
399 2028 518 2091 hoc
578 2028 835 2110 quidem
892 2034 1140 2112 tempus
1192 2028 1273 2091 ad
1329 2028 1671 2092 editionem
1715 2027 2125 2092 Remmianae
2172 2030 2324 2092 artis
2371 2014 2624 2113 spectat.

271 2135 453 2198 Idem
507 2136 676 2198 enim
732 2135 981 2198 Plinius
1049 2137 1115 2197 in
1177 2136 1564 2219 praefatione
1623 2127 1966 2199 ‘naturalis
2022 2129 2352 2199 historiae'
2418 2137 2455 2216 ἓ
2504 2138 2622 2199 28:

267 2234 440 2326 ‘Ego
486 2241 675 2325 plane
720 2243 877 2305 meis
890 2236 926 2323 ²,
985 2243 1223 2325 inquit,
1276 2235 1478 2305 ‘adici
1522 2261 1707 2326 posse
1753 2242 1956 2305 multa
2002 2242 2320 2325 confiteor,
2364 2263 2481 2307 nec
2528 2245 2627 2307 his

272 2349 442 2430 soliS,
498 2347 610 2412 sed
655 2355 717 2412 et
763 2349 1074 2431 omnibuS,
1134 2368 1298 2432 quae
1353 2349 1552 2430 edidi,
1617 2354 1691 2412 ut
1747 2349 1949 2412 obiter
2004 2369 2265 2413 caueam
2315 2351 2469 2414 istos
2514 2352 2626 2415 ho-

270 2457 746 2541 meromastigas
793 2455 910 2542 (ita
954 2457 1124 2520 enim
1170 2458 1387 2520 uerius
1435 2455 1751 2539 dixerim),
1801 2458 2106 2541 quoniam
2152 2458 2341 2522 audio
2389 2444 2459 2522 et¹
2488 2457 2625 2523 Sto-

269 2566 406 2628 icos
435 2571 497 2628 et
529 2564 892 2628 dialecticos
922 2563 1270 2648 Epicureos
1311 2583 1566 2648 quoque
1587 2603 1671 2610 —
1703 2584 1855 2628 nam
1893 2565 1970 2630 de
1999 2567 2426 2649 grammaticis
2464 2585 2625 2630 sem-

269 2692 384 2756 per
422 2673 760 2756 expectaui
788 2710 873 2717 ——
902 2673 1216 2756 parturire
1254 2673 1560 2736 aduersus
1597 2673 1862 2755 libellos,
1904 2693 2062 2755 quos
2102 2674 2179 2737 de
2215 2676 2628 2757 grammatica

273 2780 444 2843 edidi
485 2785 549 2843 et
592 2779 868 2843 subinde
914 2777 1174 2842 abortus
1220 2780 1429 2843 facere
1473 2780 1603 2843 iam
1651 2780 1871 2844 decem
1918 2782 2117 2863 anniS,
2167 2801 2313 2844 cum
2360 2767 2627 2845 celerius

273 2889 467 2950 etiam
513 2886 832 2970 elephanti
876 2887 1128 2969 pariant
1139 2879 1175 2949 ².
1255 2885 1460 2961 Quam
1503 2888 1956 2971 praefationem
2005 2908 2170 2951 anno
2209 2888 2341 2952 fere
2378 2894 2625 2972 septua-

270 2996 514 3078 gesimo
561 2995 825 3077 septimo
873 2995 1172 3077 scriptam
1217 3012 1353 3057 esse
1399 3015 1436 3057 a
1483 2993 1697 3057 Plinio
1735 2995 1920 3060 ,idem
1967 2992 2456 3059 Schottmueller
2499 2997 2538 3058 l.
2586 2997 2624 3059 1.

271 3101 665 3186 enucleauit.
742 3099 798 3162 E
844 3100 1061 3164 uerbis
1107 3106 1317 3163 autem
1363 3100 1557 3163 Plinii
1616 3101 1772 3164 illis:
1837 3094 2020 3164 ‘nam
2068 3103 2146 3165 de
2200 3104 2626 3185 grammaticis

272 3227 523 3292 semper
577 3209 912 3291 expectaui
966 3209 1279 3291 parturire
1336 3227 1386 3271 e.
1437 3199 1492 3291 q.
1541 3202 1613 3271 s.³
1676 3208 1917 3292 absque
1976 3208 2168 3271 dubio
2217 3211 2506 3291 sequitur
2552 3229 2625 3273 eo

271 3320 554 3398 tempore
599 3315 1005 3379 Palaemonis
1066 3321 1266 3378 artem
1321 3315 1612 3379 nondum
1668 3316 1900 3379 editam
1952 3316 2160 3379 fuisse.
2253 3314 2422 3379 Nam
2471 3318 2626 3400 quid

271 3411 558 3485 Plinium
620 3423 711 3516 ita
775 3422 1014 3486 dixisse
1076 3426 1389 3506 putemuS,
1455 3424 1511 3486 si
1564 3422 1943 3487 Remmiana
2007 3442 2107 3486 ars
2165 3424 2233 3485 in
2297 3423 2627 3506 publicum

270 3529 404 3592 iam
451 3530 743 3594 exiisset!
809 3520 1085 3593 'Accedit
1143 3549 1385 3592 nouum
1442 3535 1909 3613 argumentum,
1972 3548 2007 3593 e
2074 3549 2199 3612 quo
2258 3535 2456 3594 artem
2504 3530 2625 3594 Pa-

269 3636 580 3700 laemonis
642 3656 780 3701 sero
839 3637 1006 3700 foras
1066 3636 1275 3700 datam
1338 3655 1475 3700 esse
1531 3625 1750 3700 elucet.
1844 3635 2192 3700 Palaemon
2238 3639 2409 3701 enim
2456 3639 2625 3722 apud

276 3742 633 3808 Charisium
707 3766 765 3828 p.
831 3746 943 3827 93,
997 3746 1078 3808 31
1158 3744 1432 3808 thermas
1496 3743 1776 3808 Titianas
1839 3745 1910 3807 in
1976 3745 2339 3829 exemplum
2401 3751 2588 3808 uocat
2601 3768 2622 3807 -:

269 3842 289 3865 ‘
306 3850 472 3915 Item
520 3871 669 3914 cum
713 3852 842 3915 sint
884 3850 1062 3914 Titus
1074 3844 1110 3930 ²,
1171 3852 1411 3935 inquit,
1469 3844 1558 3917 ‘et
1601 3852 1792 3936 lupus
1839 3852 2099 3935 similia,
2155 3854 2430 3917 thermas
2474 3852 2625 3916 Titi-

272 3977 407 4041 nas,
473 3964 549 4021 ut
608 3958 805 4043 pelles
869 3959 1124 4043 lupinas
1180 3979 1308 4023 non
1375 3947 1663 4042 dicimus,
1729 3958 1839 4023 sed
1901 3954 2217 4024 Titianas².
2322 3962 2625 4025 Thermae

273 4082 429 4129 uero
483 4066 644 4129 istae
702 4085 739 4128 a
768 4123 769 4126 ,
796 4064 935 4129 Tito
993 4067 1387 4150 imperatore,
1446 4071 1759 4150 quantum
1813 4067 2202 4150 inuestigare
2246 4070 2454 4150 potui,
2515 4088 2624 4132 ex-

275 4175 551 4235 structae
597 4176 777 4237 sunt..
858 4172 1104 4248 Quibus
1151 4163 1544 4257 argumentis
1592 4173 1904 4238 adductus
1944 4174 2261 4256 equidem,
2306 4194 2453 4238 cum
2491 4194 2623 4239 cer-

274 4282 412 4341 tum
479 4284 728 4363 tempus
794 4281 1125 4343 terminari
1185 4300 1316 4345 non
1379 4282 1593 4364 liceat,
1661 4287 1860 4345 artem
1922 4268 2400 4365 grammaticam
2459 4283 2624 4346 intra

274 4404 517 4449 annum
565 4388 1099 4471 septuagesimum
1157 4389 1500 4472 septimum
1547 4392 1610 4451 et
1666 4389 2123 4472 octogesimum
2174 4377 2486 4470 quintum
2518 4389 2624 4453 uel

2226 4492 2300 4547 6*
