3197 4992
1255 358 1701 418 -35-

288 533 466 616 quod
513 535 828 616 plurimae
872 552 977 597 res
1020 533 1262 597 eisdem
1300 533 1516 596 uerbis
1555 534 1908 615 eodemque
1946 534 2169 596 ordine
2215 535 2386 617 apud
2425 553 2643 598 excer-

283 645 536 722 ptorem
572 645 1004 721 reuertuntur,
1055 640 1231 723 quod
1268 659 1421 703 casu
1457 640 1697 703 factum
1738 659 1875 703 esse
1910 640 2081 702 haud
2122 641 2310 721 diceS,
2357 643 2479 704 nisi
2525 642 2644 705 hoc

287 766 557 829 quoque
602 747 743 809 loco
791 749 1035 808 statues
1082 748 1552 830 conspiratione
1602 747 1877 829 quadam
1926 753 1987 810 et
2036 767 2072 808 a
2120 746 2405 810 Charisio
2455 753 2518 811 et
2563 748 2643 811 ab

282 858 666 935 excerptore
702 852 975 915 frustula
1008 853 1136 934 illa,
1176 852 1345 935 apud
1385 854 1583 915 alium
1622 855 2111 936 grammaticum
2153 854 2453 935 dispersa,
2494 873 2643 917 con-

282 959 456 1023 lecta
504 964 695 1041 atque
740 959 861 1022 hoc
917 959 1138 1021 ordine
1194 960 1364 1021 inter
1408 958 1813 1023 Palaemonis
1862 961 2218 1023 doctrinam
2271 960 2662 1042 interposita,

280 1086 449 1131 esse.
545 1065 836 1129 Ceterum
903 1072 1138 1148 quanto
1196 1066 1476 1148 periculo
1537 1064 2027 1130 Schottmueller
2079 1067 2261 1129 illum
2328 1067 2641 1131 delectum

280 1172 420 1236 sibi
465 1173 776 1254 habuerit,
821 1172 1011 1255 paulo
1058 1178 1201 1255 post
1245 1173 1617 1235 uiderimus,

469 1279 716 1342 Verum
774 1297 934 1342 caue
987 1285 1170 1362 putes
1228 1278 1586 1360 Charisium
1636 1279 2038 1343 Palaemonis
2097 1280 2174 1342 de
2221 1280 2642 1344 declinatione

277 1387 630 1449 nominum
678 1386 1032 1449 doctrinam
1079 1387 1333 1469 plenam
1381 1394 1571 1469 atque
1615 1388 1930 1470 integram
1976 1389 2042 1448 in
2080 1387 2202 1450 hoc
2239 1392 2432 1469 caput
2466 1407 2639 1451 rece-

277 1495 483 1578 pisse.
574 1493 722 1555 Alia
767 1495 936 1556 enim
984 1495 1426 1576 praetermisit,
1483 1493 1606 1555 alia
1665 1495 1734 1555 in
1783 1494 1984 1556 alium
2031 1493 2246 1556 locum
2301 1495 2640 1576 transtulit,

276 1601 355 1663 id
407 1600 579 1682 quod
627 1618 709 1663 ex
755 1601 1072 1683 excerptis
1132 1601 1397 1682 planum
1454 1599 1554 1678 fit;
1626 1621 2012 1683 quamquam
2074 1621 2159 1664 ne
2206 1606 2542 1684 excerptor
2583 1603 2641 1664 is

281 1707 553 1790 quidem
593 1710 703 1769 aut
741 1725 998 1769 omnem
1037 1705 1393 1769 doctrinam
1433 1711 1543 1770 aut
1581 1707 1874 1770 ordinem
1911 1709 2193 1789 retinuit,
2239 1714 2313 1771 ut
2353 1709 2641 1791 quaestio

282 1817 373 1877 sit
422 1818 520 1875 sat
567 1811 846 1875 difficilis
896 1831 1060 1893 eum,
1111 1831 1301 1894 quem
1336 1813 1688 1877 Palaemon
1723 1815 2077 1878 instituerit
2123 1816 2414 1878 ordinem
2462 1816 2642 1878 resti-

283 1929 487 1984 tuere.
582 1917 688 1981 Sic
730 1919 800 1980 in
845 1920 1030 1980 initio
1079 1921 1320 2002 capitis,
1368 1928 1440 1982 ut
1484 1921 1717 2003 partim
1766 1913 1850 1983 ex
1897 1923 2232 2004 excerptis,
2277 1924 2511 2005 partim
2559 1942 2643 1985 ex

287 2029 400 2107 eiS,
450 2044 614 2108 quae
662 2025 738 2088 de
785 2026 1053 2107 reliquis
1100 2026 1636 2089 declinationibus
1683 2027 1921 2109 profert
1960 2025 2302 2109 Charisius,
2350 2030 2641 2093 conicere

288 2135 455 2214 licet,
501 2132 656 2195 satis
702 2133 996 2195 mutilata
1042 2138 1138 2196 est
1185 2132 1498 2210 doctrina3
1548 2153 1605 2215 p.
1662 2135 1852 2213 19,5;
1905 2136 2097 2213 20,1;
2150 2137 2387 2213 21,17;
2428 2137 2637 2216 27,17

302 2240 638 2302 nonnullae
711 2240 972 2322 regulae
1036 2240 1372 2321 ‚neglectae
1449 2244 1631 2321 sunt,
1714 2260 1878 2322 quae
1953 2241 2123 2323 apud
2198 2247 2640 2324 excerptorem

303 2365 360 2428 p.
406 2347 866 2425 537,22-—26;
917 2347 1065 2426 537,
1115 2347 1537 2424 40—538,2;
1589 2348 2149 2429 538,36-539,4
2196 2349 2637 2415 inueniuntur.

294 2451 452 2517 Item
495 2454 564 2515 in
602 2451 731 2516 fine
777 2453 999 2516 tertiae
1047 2453 1486 2517 declinationis
1545 2453 1805 2536 regulae
1852 2456 2058 2538 magis
2104 2457 2438 2538 magisque
2485 2460 2640 2520 atte-

291 2568 595 2641 nuantur,
637 2580 803 2643 quae
833 2562 1003 2644 apud
1045 2566 1486 2644 excerptorem
1515 2561 1834 2643 pleniores
1862 2568 2152 2626 seruatae
2182 2568 2346 2628 sunt.
2411 2562 2641 2646 Neque

288 2688 445 2731 uero
496 2667 822 2731 Charisius
869 2668 1226 2731 doctrinam
1271 2668 1715 2731 Remmianam
1771 2688 2037 2750 prorsus
2093 2672 2385 2735 mutauit.
2475 2673 2639 2734 Nam

286 2776 404 2837 etsi
474 2775 791 2838 nonnulla
854 2795 985 2837 non
1036 2776 1313 2856 curauit,
1373 2779 1590 2837 tamen
1651 2774 2006 2836 doctrinam
2063 2776 2498 2860 incorruptam
2559 2778 2638 2841 ab

284 2900 359 2943 eo
407 2886 731 2963 receptam
779 2900 916 2945 esse
960 2901 1074 2965 per
1121 2887 1561 2965 excerptorem
1610 2883 1941 2944 euincitur.
2034 2883 2124 2944 At
2185 2884 2420 2946 dixerit
2467 2886 2640 2966 quis-

282 2989 487 3071 piam:
561 2988 719 3070 quid
786 2991 989 3067 enim,
1054 2989 1460 3052 Palaemonis
1508 3008 1636 3069 are,
1702 3007 1850 3050 cum
1913 2989 1983 3050 in
2044 2995 2173 3052 tam
2219 2991 2640 3073 multiplicem

283 3095 655 3157 scholarum
697 3115 886 3157 usum
926 3097 1192 3176 uenerit,
1229 3114 1444 3158 nonne
1480 3096 1720 3157 mutari
1758 3099 1952 3177 atque
1988 3096 2357 3178 interpolari
2390 3098 2637 3179 potuit?

284 3200 454 3264 Sane
502 3203 740 3284 potuit3
791 3201 903 3264 sed
951 3200 1300 3264 Palaemon
1349 3209 1600 3285 compta
1649 3201 1924 3284 quadam
1971 3206 2033 3263 et
2080 3201 2376 3284 expedita
2413 3204 2638 3286 lingua

280 3311 507 3390 utitur,
559 3329 684 3390 qua
731 3308 956 3391 regula
1004 3328 1039 3370 a
1076 3310 1303 3391 regula
1341 3311 1702 3391 excipiatur
1739 3312 1800 3371 et
1840 3328 1966 3389 qua
2006 3308 2295 3371 doctrina
2332 3310 2640 3371 continua

285 3414 588 3497 profluat,
633 3420 706 3478 ut
743 3417 852 3478 uel
891 3434 926 3478 e
966 3415 1319 3479 disserendi
1358 3418 1494 3498 uia,
1532 3415 1649 3478 ubi
1688 3415 1981 3477 doctrina
2015 3415 2370 3497 interrupta
2416 3417 2498 3478 sit
2535 3435 2637 3478 co—

285 3540 580 3603 gnoscas,
659 3519 822 3584 Sunt
861 3528 924 3585 et
962 3523 1086 3584 alia
1124 3524 1346 3604 multa,
1385 3543 1419 3586 e
1461 3521 1697 3604 quibus
1737 3523 2080 3604 corruptio,
2127 3523 2181 3584 si
2223 3542 2347 3603 qua
2387 3524 2639 3584 inue'ni-

283 3635 395 3690 tur
440 3627 741 3690 concludi
788 3633 1007 3712 potest.
1099 3628 1422 3711 Equidem
1466 3631 1530 3691 in
1580 3630 1748 3692 hanc
1787 3648 2043 3712 quoque
2091 3647 2226 3691 rem
2273 3630 2639 3711 maximam,

287 3735 502 3815 quoad
548 3734 770 3798 licebit
817 3735 1220 3817 diligentiam
1269 3735 1610 3798 conferam.
1633 3735 1679 3819 ¹)

466 3840 600 3904 Nec
656 3842 727 3903 in
772 3842 894 3904 hoc
947 3861 1079 3904 uno
1129 3843 1332 3925 capite
1389 3843 1533 3905 talis
1579 3863 1797 3906 rerum
1857 3844 2148 3906 condicio
2210 3847 2321 3907 est.
2414 3842 2639 3927 Saepe·

286 3965 555 4009 numero
623 3949 793 4011 enim
857 3949 1061 4011 initiis
1127 3950 1407 4032 capitum
1482 3948 1756 4013 fluctuat
1822 3950 2148 4014 Charisius
2222 3969 2436 4031 neque
2501 3952 2640 4031 scit,

289 4054 596 4135 quidnam
646 4056 1046 4138 potissimum
1084 4057 1367 4139 recipiat,
1415 4059 1603 4139 quasi
1648 4057 1986 4137 nauigatur
2026 4057 2285 4139 quidam
2331 4059 2399 4118 in
2437 4057 2641 4118 altum

287 4162 711 4244 profecturUS,
752 4162 863 4243 qui
902 4162 1095 4223 maris
1132 4181 1262 4224 non
1301 4162 1453 4224 satis
1491 4165 1733 4245 peritus
1773 4165 1997 4243 nescit,
2039 4183 2318 4245 quonam
2356 4163 2634 4244 primum

467 4304 508 4370 ¹)
547 4302 829 4355 Charisius
867 4304 922 4354 et
957 4304 1238 4370 excerptor
1273 4305 1459 4355 utrum
1487 4302 1729 4356 eiusdem
1756 4302 2103 4356 Remmianae
2141 4302 2272 4355 artis
2310 4300 2637 4355 recensionis

289 4390 580 4460 exemplari
616 4389 708 4443 usi
745 4390 852 4443 sint
885 4406 1072 4459 necne,
1110 4392 1347 4444 nondum
1383 4390 1540 4458 plane
1580 4390 1866 4444 diiudicari
1902 4395 2093 4459 potest.
2249 4431 2250 4434 η

2244 4480 2318 4534 3*
