3197 4992
1413 325 1857 387 -84-

452 502 791 585 septimum
845 502 1143 584 scriptam
1207 503 1347 565 siue
1408 501 1643 565 editam
1702 521 1837 566 esse
1893 524 1929 565 a
1973 502 2357 567 Palaemone
2404 504 2799 568 coniecerim.

452 608 798 672 Exoriatur
844 614 1058 672 autem
1096 609 1345 692 aliquiS,
1387 610 1498 691 qui
1534 609 1601 671 id
1643 610 1897 692 quidem
1947 611 2213 673 minime
2250 614 2421 674 recte
2458 632 2496 673 a
2532 630 2636 675 me
2678 616 2801 675 sta-

454 720 663 779 tutum
711 735 845 779 esse
895 716 1088 797 dicat,
1133 717 1507 799 praesertim
1547 736 1694 779 cum
1734 736 1768 779 e
1805 716 2004 779 Plinii
2049 717 2262 780 uerbis
2307 719 2377 780 in
2423 738 2484 780 n.
2524 719 2580 782 11.
2620 717 2803 793 XIV,

454 825 627 903 4‚*50
666 823 1099 887 exstantibus:
1146 814 1360 886 ‘Haec
1398 824 1657 904 (uineta)
1699 825 2036 907 adgressus
2073 826 2367 888 excolere
2405 823 2804 907 (Palaemon)

454 949 584 994 non
630 932 871 995 uirtute
927 931 1155 1010 animi,
1212 930 1324 993 sed
1378 932 1670 994 uanitate
1723 933 1946 1014 primo,
1994 970 2080 977 —-
2129 951 2288 1014 quae
2337 937 2486 996 nota
2530 934 2691 997 mire
2735 935 2804 1001 in

454 1039 565 1103 illo
612 1039 743 1103 fui
764 1044 790 1102 t
812 1031 859 1119 ²,
907 1037 1359 1101 Palaemonem
1398 1056 1472 1101 eo
1520 1043 1806 1122 tempore
1851 1040 1978 1123 iam
2017 1044 2338 1103 mortuum
2383 1040 2580 1104 fuisse
2615 1057 2806 1125 appa-

455 1152 607 1213 reat.
699 1148 788 1210 At
834 1146 1030 1209 uerba
1057 1130 1274 1208 ‘Plinii
1319 1146 1469 1227 ista,
1519 1146 1575 1209 si
1620 1144 1808 1210 modo
1855 1148 2102 1230 integre
2150 1147 2380 1209 tradita
2424 1155 2599 1230 sunt,
2646 1168 2808 1213 num

459 1255 816 1318 necessario
881 1253 963 1316 ad
1016 1254 1219 1316 uitam
1282 1252 1684 1316 Palaemonis
1747 1253 2149 1317 referuntur?
2233 1252 2399 1317 Nam
2467 1255 2622 1338 quid
2684 1255 2810 1320 sibi

458 1362 630 1425 uult:
677 1353 915 1444 ‘primo
960 1360 1309 1424 Palaemon
1353 1362 1637 1423 uanitate
1676 1360 1873 1423 coluit
1916 1362 2162 1443 uineta,
2210 1380 2341 1423 non
2386 1362 2624 1426 uirtute
2672 1364 2808 1425 ani-

457 1460 619 1531 mi'P
705 1466 872 1543 Quid
938 1468 1197 1530 tandem
1261 1468 1518 1551 postea?
1601 1467 1709 1530 An
1762 1473 1980 1552 postea
2043 1469 2279 1531 uirtute
2343 1470 2537 1531 animi
2599 1470 2811 1533 uineis

461 1575 745 1638 colendis
784 1594 923 1638 sese
960 1575 1202 1639 dedidit
1238 1573 1629 1653 Palaemon?
1681 1612 1762 1620 —
1814 1573 2021 1649 Quare
2059 1574 2256 1638 Plinii
2295 1575 2493 1638 uerba
2535 1582 2645 1639 aut
2679 1594 2809 1639 non

459 1688 630 1748 recte
676 1682 910 1747 tradita
954 1687 1106 1745 sunt
1151 1688 1261 1746 aut
1304 1682 1682 1766 interpolata
1717 1687 1892 1763 sunt,
1942 1683 2176 1765 quippe
2225 1701 2386 1766 quae
2433 1688 2613 1746 extra
2658 1702 2812 1747 con-

461 1795 711 1855 textum
757 1789 892 1853 fere
935 1791 1142 1873 posita
1188 1791 1342 1871 sint,
1404 1794 1593 1872 atque
1648 1808 1794 1852 cum
1850 1789 2152 1873 ambigua
2207 1795 2269 1852 et
2314 1790 2446 1853 sint
2490 1796 2553 1855 et
2595 1809 2813 1854 mane-

461 1903 599 1980 ant,
645 1897 728 1961 de·
769 1896 1172 1960 Palaemonis
1219 1897 1354 1959 uita
1399 1916 1481 1959 ex
1528 1897 1639 1977 010,
1698 1900 2008 1979 quantum
2055 1897 2351 1979 equidem
2397 1897 2606 1979 uideo,
2650 1898 2817 1960 nihil

462 2006 723 2073 omnino
772 2003 1066 2067 concludi
1109 2009 1329 2088 potest.
1422 2002 1589 2067 Nam
1635 2004 1784 2066 huic
1832 2002 2031 2066 Plinii
2083 2004 2223 2066 loco
2279 2008 2636 2087 repugnant
2688 2003 2817 2066 tria

462 2113 574 2175 illa
620 2116 995 2196 argumenta
1038 2111 1148 2176 uel
1190 2111 1595 2194 grauissima,
1656 2111 1889 2194 quibus
1938 2109 2385 2173 Palaemonem
2436 2112 2626 2174 etiam
2671 2115 2808 2174 tum

461 2221 656 2284 fuisse
704 2219 1159 2303 comprobatur.

642 2327 992 2391 Videamus
1046 2346 1261 2409 porro,
1325 2346 1480 2390 num
1543 2326 1701 2409 quid
1774 2327 1852 2389 de
1918 2325 2227 2390 librorum
2288 2344 2552 2403 numero
2619 2327 2818 2389 statui

462 2437 675 2521 possit.
768 2435 991 2518 Atque
1047 2435 1260 2518 copias
1314 2434 1457 2500 illas
1510 2435 1957 2519 grammaticas
2017 2452 2148 2496 non
2202 2434 2271 2496 in
2327 2453 2532 2498 unum
2577 2432 2819 2502 librum

465 2565 502 2608 a
549 2543 930 2607 Palaemone
977 2547 1227 2605 coactas
1272 2543 1470 2606 fuisse
1525 2544 1635 2606 uel
1679 2561 1793 2625 per
1848 2561 1916 2605 se
1962 2547 2235 2625 apparet.
2337 2541 2542 2618 Immo
2591 2540 2818 2607 Palae-

464 2671 614 2714 mon
669 2649 838 2733 apud
901 2647 1258 2711 Charisium
1312 2671 1369 2732 p.
1418 2653 1523 2730 47,
1549 2653 1631 2713 14
1677 2651 1814 2733 ipse
1859 2648 2222 2732 profitetur:
2292 2641 2491 2712 ‘Item
2543 2648 2657 2711 illa
2700 2667 2821 2732 per

466 2761 489 2821 i
536 2759 816 2821 litteram
863 2755 1216 2819 ablatiuum
1261 2756 1527 2838 habent,
1577 2775 1741 2839 quae
1787 2761 1936 2820 sunt
1998 2757 2154 2820 hoc
2220 2776 2312 2820 eo
2336 2756 2517 2819 dem
2578 2755 2816 2822 libro

468 2886 658 2950 supra
698 2869 979 2946 excepta,
1029 2880 1193 2945 quae
1229 2864 1661 2927 incusatiuum
1698 2884 1813 2948 per
1847 2865 1937 2926 im
1981 2858 2274 2928 faciunt.'
2353 2862 2555 2938 Quem
2601 2864 2816 2927 locum

467 2974 800 3038 laudatum
837 2970 1030 3034 etiam
1059 2974 1409 3054 ‘excerptor
1452 2992 1511 3056 p.
1553 2974 1699 3054 545,
1727 2974 1810 3035 23
1859 2972 2159 3035 seruauit.
2200 3009 2282 3016 —-
2327 2970 2512 3052 Quid,
2561 2989 2816 3054 quaeSO,

467 3081 922 3144 Palaemonem
983 3069 1184 3141 ‘hoc
1249 3069 1557 3143 eodem
1607 3073 1885 3142 libro'
1949 3079 2255 3142 extulisse
2309 3079 2696 3158 iudicemuS,
2760 3078 2822 3141 si

467 3207 599 3250 uno
639 3186 773 3250 solo
820 3184 983 3249 libro
1023 3190 1223 3249 artem
1259 3187 1860 3270 circumscripsisset
1893 3186 2422 3270 grammaticam?
2487 3183 2623 3248 Nec
2665 3183 2819 3249 inde

467 3313 681 3358 morae
756 3294 1100 3376 quicquam
1175 3294 1481 3358 exsistere
1542 3298 1774 3377 potest,
1852 3294 2022 3376 quod
2099 3291 2423 3356 Charisius
2497 3311 2817 3375 nusquam

467 3400 881 3465 Remmianae
941 3402 1092 3463 artis
1152 3405 1263 3463 aut
1310 3401 1515 3484 capita
1569 3405 1683 3464 aut
1726 3399 1926 3464 libros
1973 3401 2246 3466 exhibet.
2349 3398 2604 3463 Etenim
2658 3397 2817 3464 Char

468 3511 720 3590 risium,
777 3509 890 3591 qui
943 3509 1114 3592 ipsos
1162 3509 1441 3592 capitum
1487 3507 1891 3572 Palaemonis
1947 3509 2167 3574 titulos
2211 3508 2575 3584 retinuerit,
2629 3506 2818 3571 istius

470 3618 749 3680 maxime
808 3615 1159 3678 doctrinam
1212 3615 1393 3677 libris
1449 3615 1582 3677 suis
1639 3617 2047 3698 supposuisse
2102 3635 2296 3698 supra
2351 3615 2502 3678 satis
2560 3613 2817 3682 demon—

472 3728 739 3786 stratum
785 3725 895 3786 est.
986 3722 1203 3804 Atque
1250 3741 1396 3784 cum
1440 3721 1823 3785 Remmiana
1882 3743 1983 3786 ars
2042 3724 2112 3786 in
2166 3723 2581 3805 multiplicem
2638 3719 2818 3788 scho-

470 3830 679 3896 larum
716 3848 908 3891 usum
943 3830 1192 3893 uenerit
1225 3829 1729 3913 peruulgataque
1766 3829 1974 3912 fuerit,
2020 3849 2103 3896 ne
2140 3831 2262 3899 hoc
2300 3828 2558 3912 quidem
2597 3832 2820 3898 contra

470 3936 637 4016 facit,
686 3935 857 4018 quod
904 3956 942 3998 a
986 3935 1251 4019 reliquis
1289 3937 1717 4020 grammaticis
1764 3937 1917 4001 artis
1963 3939 2140 4001 illius
2188 3936 2335 3999 libri
2381 3935 2643 4000 excitati
2685 3953 2819 3998 non

473 4047 640 4106 sunt.
717 4039 886 4115 Quid
933 4044 1102 4107 enim
1148 4064 1304 4129 opus
1352 4050 1447 4109 est
1492 4064 1713 4109 eorum
1751 4044 2009 4128 singula
2044 4043 2319 4125 laudare,
2369 4060 2531 4125 quae
2565 4042 2822 4125 cognita

474 4155 819 4234 apertaque
877 4152 1074 4215 sunt?
1171 4151 1412 4216 Verum
1477 4154 1650 4217 enim
1707 4171 1857 4216 uero
1907 4153 2099 4220 etiam
2161 4170 2243 4214 ex
2299 4149 2584 4234 pluribus
2632 4150 2821 4232 quin-

477 4277 605 4342 que
658 4257 838 4327 libris
899 4264 1098 4328 artem
1155 4261 1574 4343 compositam
1627 4260 1824 4323 fuisse
1880 4278 1964 4323 ex
2018 4261 2155 4343 ipso
2206 4256 2490 4328 Charisio
2536 4275 2820 4340 comper-

476 4371 611 4434 tum
656 4365 903 4437 habeto,
1007 4365 1129 4441 Qui
1176 4385 1324 4434 cum
1371 4366 1772 4436 Palaemonis
1829 4372 2027 4434 artem
2082 4366 2244 4441 miro
2300 4366 2488 4438 modo
2547 4366 2853 4446 circumq·
