3197 4992
1503 343 1944 405 -16—

539 519 810 584 docendi
874 520 1187 582 rationem
1251 520 1463 601 quarti
1508 540 1569 603 p.
1619 518 1761 582 Chr.
1829 518 2070 582 saeculi
2132 519 2578 601 grammaticos
2641 538 2903 602 prorsus

539 634 841 710 respuere
895 631 1115 709 postea
1183 627 1390 708 magis
1451 624 1798 709 apparebit.
1909 623 2395 688 Schottmueller
2461 625 2633 689 enim
2698 645 2904 708 quan-

538 738 753 815 topere
799 731 1202 795 Palaemonis
1267 751 1369 794 ars
1425 751 1462 793 a
1510 731 1796 795 Charisio
1854 731 2120 795 confusa
2174 750 2250 793 ac
2296 731 2674 795 circumcisa
2721 739 2902 815 esset,

538 858 751 922 neque
803 839 972 905 uidit
1016 857 1231 922 neque
1278 839 1576 921 opinatus
1624 843 1721 902 est
1768 839 2049 901 omnino,
2100 875 2182 883 —

717 947 809 1008 At
833 946 1254 1028 inspiciamus
1288 945 1477 1028 paulo
1510 946 1875 1012 accuratius
1893 943 2346 1008 Palaemonem
2371 945 2583 1025 istum,
2601 964 2792 1028 quem
2821 946 2901 1009 ab

539 1051 761 1116 infima
799 1053 1012 1134 quarti
1047 1052 1287 1116 saeculi
1314 1055 1492 1134 parte
1521 1051 2011 1116 Schottmueller
2041 1051 2396 1113 arcessiuit.
2455 1049 2582 1126 Qui
2614 1053 2684 1115 ni
2717 1052 2903 1115 fallor

541 1158 759 1222 nullus
794 1160 1053 1233 omnino
1082 1158 1223 1221 fuit.
1271 1157 1548 1241 Exhibet
1576 1160 1747 1221 enim
1774 1156 2077 1221 Sidonius
2094 1157 2486 1241 Apollinaris
2514 1159 2584 1221 in
2618 1160 2902 1242 epistola,

543 1286 736 1348 quam
783 1264 864 1327 ad
902 1264 1273 1348 Sapaudum
1319 1265 1646 1347 quendam
1689 1266 1880 1346 misit,
1926 1263 2074 1326 libri
2112 1262 2175 1323 V
2222 1263 2496 1327 decima:
2542 1258 2701 1329 ‘Tua
2746 1286 2902 1331 uero

539 1377 670 1436 tam
716 1371 903 1453 clara,
950 1376 1081 1434 tam
1127 1371 1490 1454 spectabilis
1538 1362 1733 1434 dictio
1781 1377 1892 1452 est,
1938 1376 2012 1434 ut
2056 1354 2153 1433 illi
2201 1370 2434 1433 diuisio
2482 1370 2902 1455 PalaemoniS,

542 1479 828 1562 grauitas
895 1476 1236 1559 GallioniS,
1305 1477 1703 1541 abundantia
1767 1475 2115 1560 Delphidii,
2180 1476 2483 1560 Agroecii
2549 1478 2903 1562 disciplina,

539 1585 845 1649 fortitudo
909 1584 1180 1666 Alcimi,
1247 1584 1552 1669 Adelphii
1617 1585 2005 1666 teneritudo,
2078 1585 2252 1667 rigor
2315 1583 2564 1668 Magni,
2630 1586 2901 1651 dulcedo

543 1691 815 1755 Victorii
879 1711 1011 1754 non
1074 1690 1260 1755 modo
1325 1711 1458 1754 non
1523 1693 1882 1775 superiora,
1957 1691 2071 1755 sed
2143 1692 2263 1754 uix
2330 1692 2520 1773 aequi
2592 1691 2904 1774 parabilia

541 1791 944 1865 scribantur.'
994 1835 1077 1842 —-
1125 1795 1413 1860 Laudata
1475 1799 1674 1882 igitur
1738 1803 1834 1862 est
1897 1798 2276 1881 disponendi
2323 1797 2725 1862 Palaemonis
2780 1818 2901 1862 ars.

544 1902 753 1979 Quam
816 1908 1016 1967 artem
1060 1905 1134 1966 in
1181 1923 1346 1985 eam,
1413 1924 1579 1987 quae
1646 1905 1816 1988 apud
1866 1905 2226 1968 Chai-isium
2290 1910 2501 1968 exstat
2547 1904 2901 1968 doctrinam

542 2011 769 2074 cadere
816 2030 965 2073 cum
1008 2012 1139 2074 iam
1185 2031 1222 2072 a
1268 2009 1795 2075 Schottmuellero
1844 2011 2256 2075 obseruatum
2317 2021 2414 2074 est
2475 2015 2615 2074 tum
2662 2032 2746 2076 ex
2792 2015 2902 2095 eiS‚

543 2136 710 2199 quae
754 2123 972 2200 postea
1019 2118 1433 2200 expositurus
1471 2137 1617 2181 sum
1654 2116 1950 2181 elucebit.
2025 2116 2115 2180 At
2152 2116 2640 2182 Schottmueller
2677 2118 2901 2184 Palae-

467 2220 472 2227 ’
540 2243 797 2287 1116116111
840 2225 1053 2305 istum,
1103 2223 1275 2307 quod
1320 2224 1612 2307 plerique
1651 2226 2031 2308 scriptorum
2067 2224 2476 2289 laudatorum
2522 2232 2747 2308 quarto
2797 2228 2905 2292 uel

544 2332 769 2413 quinto
816 2332 1073 2394 saeculo
1121 2331 1584 2393 adnumerandi
1633 2338 1861 2411 essent,
1911 2336 1975 2394 et
2019 2333 2233 2414 ipsum
2279 2334 2339 2395 ei
2385 2336 2576 2397 aetati
2624 2334 2904 2399 adscribi

543 2436 772 2502 debere
821 2439 1110 2502 coniecit.
1201 2438 1292 2500 At
1356 2438 1747 2501 coniciamus
1812 2438 1905 2519 id,
1971 2457 2132 2502 num
2195 2457 2452 2504 necesse
2508 2441 2646 2507 est?
2713 2440 2901 2524 Quid,

542 2563 755 2608 nonne
819 2546 1011 2608 etiam
1059 2542 1496 2618 Quintilianus
1556 2544 1780 2609 eodem
1843 2545 1983 2607 loco
2050 2545 2347 2610 laudatus
2395 2553 2490 2610 est
2535 2568 2572 2611 a
2619 2548 2901 2631 Sidonio,

544 2657 618 2714 ut
662 2652 787 2713 iam
832 2649 1084 2715 Keilius
1132 2649 1235 2715 Gr.
1282 2649 1351 2716 L.
1401 2649 1479 2730 V,
1526 2670 1584 2733 p.
1634 2653 1765 2715 334
1813 2652 2048 2734 optime
2093 2655 2384 2718 monuit?
2450 2654 2904 2720 Palaemonem

542 2776 692 2821 eum
739 2758 996 2840 quidem
1049 2758 1395 2838 rhetorem,
1463 2758 1576 2840 qui
1640 2759 1761 2822 arti
1828 2778 2086 2841 quoque
2140 2764 2600 2843 grammaticae,
2645 2782 2903 2846 operam

544 2866 930 2945 nauauerit,
957 2864 1153 2928 fuisse
1218 2884 1300 2927 ne
1348 2870 1744 2948 compertum
1793 2866 2053 2948 quidem
2097 2866 2437 2949 habemus;
2502 2869 2624 2934 hoc
2686 2876 2902 2935 tamen

542 2972 781 3034 scimus
835 2971 1318 3054 grammaticum
1371 2970 1572 3036 fuisse
1600 3001 1604 3004 ¹
1631 2983 1910 3055 eumque
1967 2971 2023 3048 Q
2095 2973 2475 3038 Remmium.
2567 2975 2663 3038 Ea
2725 2996 2901 3058 uer0,

544 3096 712 3159 quae
776 3078 948 3161 apud
1013 3077 1375 3142 Charisium
1449 3085 1707 3143 exstant
1779 3082 2221 3163 grammatica,
2297 3101 2443 3145 cum
2518 3083 2673 3165 quia
2751 3102 2901 3146 cum

544 3183 938 3260 Quintiliano
986 3187 1370 3269 conspirant,
1419 3184 1489 3261 Q.
1528 3186 1805 3250 Remmii
1843 3187 2246 3251 Palaemonis
2293 3195 2462 3269 sunt,
2508 3194 2648 3251 tum
2687 3190 2904 3271 quarti

542 3314 600 3375 p.
633 3291 775 3357 chr.
816 3292 1055 3355 saeculi
1091 3294 1537 3375 grammaticos
1576 3295 1717 3357 siue
1753 3295 2040 3358 rhetores
2076 3294 2268 3377 longe
2306 3300 2625 3377 superant.
2679 3296 2902 3378 Atque

544 3399 700 3482 quid
764 3400 1053 3483 impedit,
1121 3401 1280 3481 quin
1329 3399 1671 3463 Palaemon
1738 3406 1953 3464 noster
2018 3402 2208 3463 etiam
2273 3420 2309 3461 a
2376 3402 2589 3483 quinti
2646 3423 2706 3485 p.
2753 3400 2896 3464 Chr.

544 3506 786 3572 saeculi
830 3505 1130 3569 laudatus
1168 3507 1261 3569 sit
1306 3507 1638 3589 scriptore,
1701 3508 2075 3589 praesertim
2140 3526 2288 3570 cum
2351 3508 2529 3573 illius
2583 3513 2783 3572 artem
2828 3510 2897 3571 in

542 3612 958 3694 multiplicem
1003 3631 1078 3674 66
1126 3612 1538 3675 diurturnum
1586 3613 1950 3676 scholarum
1992 3633 2186 3676 usum
2225 3616 2480 3678 uenisse
2519 3634 2593 3678 ac
2640 3616 2895 3697 saepius

544 3720 931 3801 exscriptam
958 3736 1096 3781 esse
1126 3724 1384 3782 constet.
1432 3718 1730 3802 Namque
1757 3725 1820 3784 et
1839 3718 2180 3786 Diomedes
2210 3720 2284 3801 (I,
2305 3723 2454 3803 403,
2482 3724 2591 3798 18;
2615 3724 2762 3801 415,
2791 3723 2897 3803 16)

543 3830 610 3887 et
637 3822 1020 3887 Consentius
1055 3823 1327 3907 (V,375,
1352 3824 1416 3906 8)
1464 3829 1527 3888 et
1571 3824 1945 3889 Priscianus
1975 3825 2343 3910 (11,35,27)
2383 3833 2444 3891 et
2483 3826 2896 3891 Cassiodorus

545 3929 719 4012 (VII,
741 3933 888 4011 214,
910 3931 1035 4011 24),
1057 3950 1218 4012 quos
1236 3934 1682 4014 grammaticos
1705 3939 1930 4015 quarto
1962 3934 2188 4015 quinto
2219 3940 2398 3997 sexto
2427 3955 2486 4017 p.
2508 3933 2647 3997 Chr.
2677 3954 2895 3999 saecu-

544 4037 625 4102 lis
662 4037 958 4100 addicere
995 4038 1288 4118 8616111118,
1328 4057 1476 4106 611111
1505 4039 1841 4122 appellant.
1896 4040 2025 4103 Eos
2059 4047 2278 4113 autem
2301 4043 2748 4124 grammaticos
2775 4041 2894 4104 Pa·—

544 4144 849 4209 laemonis
881 4147 1081 4206 artem
1115 4144 1319 4227 ipsam
1354 4146 1425 4206 in
1462 4145 1762 4210 manibus
1797 4147 2094 4211 habuisse
2123 4167 2273 4210 cum
2302 4166 2337 4211 e
2373 4166 2589 4211 rerum
2626 4166 2894 4226 conexu,

547 4269 676 4332 quo
715 4249 1060 4314 Palaemon
1096 4251 1412 4333 laudatur,
1458 4257 1597 4314 tum
1633 4254 1784 4317 inde
1827 4259 2015 4337 patet,
2066 4253 2235 4337 quod
2281 4269 2413 4316 non
2450 4269 2773 4336 nusquam
2819 4253 2892 4315 de

547 4356 919 4421 Charisiana
955 4356 1357 4422 Palaemonis
1405 4360 1694 4423 doctrina
1741 4362 2169 4426 consentiunt.
2257 4358 2381 4435 Qui
2430 4362 2485 4423 si
2535 4361 2887 4423 doctrinam
