3197 4992
1195 340 1634 403 —59-

419 517 631 582 Restat
692 524 763 582 ut
826 519 906 584 de
970 520 1078 599 eiS,
1144 539 1181 581 a
1244 518 1482 601 quibus
1545 522 1735 601 caput
1787 516 1989 580 XVII
2044 519 2301 601 incipit,
2364 521 2598 602 paucis·

182 614 185 615 ⁷
264 624 519 689 referam.
611 624 935 689 Charisius
994 627 1168 689 enim
1220 626 1406 688 initio
1465 625 1686 708 capitis
1744 624 2106 689 uberiorem
2165 625 2242 689 de
2299 626 2590 709 analogia

264 727 493 794 secutus
540 737 634 795 est
676 732 934 813 fontem,
981 752 1067 795 un
1077 733 1154 797 de
1189 752 1282 814 ea,
1331 750 1493 815 quae
1530 732 1610 794 de
1654 736 1880 795 natura
1924 737 2115 814 atque
2161 734 2229 795 ui
2268 722 2596 816 analogiae

262 838 397 900 satis
441 838 754 902 subtiliter
799 839 1117 922 disputata
1161 844 1328 916 sunt,
1374 839 1627 921 recepit.
1699 836 1900 913 Quem
1938 839 2198 919 fontem,
2238 858 2386 902 cum
2423 846 2590 903 esset

261 943 501 1026 amplior
562 950 624 1007 et
686 946 888 1028 magis
953 946 1217 1026 arduuS,
1294 944 1618 1009 Charisius
1680 965 1737 1027 p.
1801 947 1944 1025 117,
1984 947 2024 1008 5
2088 946 2353 1029 reliquit
2413 947 2590 1009 hisce

259 1049 484 1113 uerbis:
550 1045 783 1115 ‘Cuius
829 1052 922 1115 rei
972 1051 1347 1135 (analogiae)
1393 1056 1634 1115 rectam
1679 1053 1987 1115 rationem
2037 1054 2296 1116 interim
2344 1051 2589 1114 differa-

258 1176 384 1220 mus
428 1161 705 1222 contenti
751 1159 989 1241 pauciS‚
1049 1178 1213 1241 quae
1270 1158 1544 1241 exempli
1597 1159 1801 1241 gratia
1857 1158 2053 1220 Gaius
2098 1157 2313 1222 Julius
2359 1157 2592 1221 Roma-⁷

257 1282 366 1327 nus
414 1265 531 1328 sub
589 1266 814 1329 eodem
868 1265 1054 1327 titulo
1115 1267 1433 1348 exposuit,
1503 1270 1570 1328 ut
1631 1265 1956 1328 interdum
2021 1269 2269 1328 tacente
2327 1254 2592 1347 ratione,

261 1370 551 1454 quantum
596 1372 719 1434 sibi
767 1373 1013 1436 dederit
1068 1375 1407 1435 auctoritas
1464 1372 1882 1455 conligamuS,
1943 1372 2185 1435 scilicet
2229 1373 2600 1435 tramitibus*

257 1481 572 1543 nominum
615 1497 730 1563 per
773 1479 1014 1542 litteras
1062 1472 1310 1541 stratis².
1352 1517 1435 1523 ——
1476 1480 1694 1561 Atque
1741 1498 1857 1541 suo
1903 1480 2040 1541 iure
2079 1477 2400 1542 Charisius
2446 1499 2593 1545 cum

256 1585 372 1648 iam
424 1587 489 1648 in
551 1586 753 1669 capite
808 1584 939 1647 XV
996 1586 1261 1649 minime
1318 1604 1633 1669 prospere,
1696 1591 1771 1649 ut
1834 1605 2025 1669 supra
2084 1586 2394 1669 apparuit,
2449 1605 2595 1668 pro-

260 1694 554 1774 cessisset,
600 1693 950 1776 pleniorem
996 1693 1181 1754 illum
1225 1692 1464 1755 fontem
1508 1694 1890 1776 repudiauit.
1968 1690 2125 1767 Quis
2162 1711 2314 1754 uero
2354 1702 2596 1773 eorum,

258 1818 291 1860 a
331 1799 558 1882 quibus
607 1806 795 1883 caput
838 1800 1090 1863 initium
1142 1800 1331 1883 cepit,
1389 1805 1610 1862 auctor
1653 1800 1872 1880 fuerit,
1931 1801 2083 1883 quia
2126 1819 2331 1883 pauca
2376 1799 2596 1862 admo-

259 1904 396 1969 dum
442 1910 695 1989 recepta
750 1912 924 1987 sunt,
986 1910 1261 1970 statuere
1316 1925 1445 1968 non
1501 1907 1666 1969 licet.
1762 1904 1886 1969 Sed
1933 1907 1988 1968 si
2039 1907 2351 1969 rationem
2398 1907 2596 1969 solam

256 2014 446 2076 secuti
501 2011 933 2095 reputabimus
992 2011 1347 2076 Charisium
1411 2014 1482 2074 in
1547 2011 1980 2096 superioribus
2043 2013 2352 2096 capitibus
2407 2013 2595 2096 longe

256 2121 522 2182 maxima
568 2138 651 2182 ex
695 2124 873 2201 parte
918 2138 955 2180 a
992 2117 1381 2183 Palaemone>
1409 2120 1804 2203 pependisse,
1852 2111 2345 2201 subsequentem
2382 2126 2594 2183 autem

257 2226 630 2306 doctrinam,
707 2225 881 2308 quod
952 2226 1142 2308 paulo
1214 2232 1356 2310 post
1427 2227 1812 2306 uiderimuS,
1867 2225 1965 2288 *ab
2041 2227 2263 2290 eodem
2338 2233 2596 2290 auctore

256 2335 607 2416 sumpsisse,
652 2333 940 2395 ueritatis
988 2335 1263 2416 speciem
1310 2334 1659 2396 maximam
1703 2353 1854 2417 prae
1899 2354 1966 2396 se
2011 2334 2185 2416 feret,
2235 2334 2407 2416 quod
2445 2334 2597 2396 (3011-Δ

254 2439 364 2502 icis
429 2438 784 2504 Charisium
860 2440 978 2503 hoc
1054 2459 1308 2524 quoque
1380 2441 1519 2504 loco
1591 2440 1864 2504 eundem
1939 2442 2176 2506 fontem
2238 2441 2594 2505 retinuisse.

256 2547 451 2629 Adde,
501 2547 670 2629 quod
715 2549 785 2610 in
830 2550 968 2631 ipso
1016 2549 1134 2611 hoc
1178 2548 1448 2611 frustulo
1498 2547 1738 2611 Graeca
1773 2549 1993 2632 lingua
2032 2549 2282 2613 conlata
2318 2553 2413 2612 est
2450 2568 2598 2611 cum

257 2650 473 2716 Latina
519 2659 582 2718 et
630 2654 801 2736 quod
848 2653 1189 2719 Palaemon
1245 2655 1570 2736 analogiae
1624 2656 1763 2718 siue
1819 2658 2053 2719 rationi
2097 2656 2483 2740 permultum
2528 2656 2600 2717 in

261 2758 517 2823 dicendo
572 2759 811 2823 tribuit.
907 2760 1129 2844 Neque
1190 2767 1408 2825 tamen
1466 2762 1837 2825 Palaemoni
1897 2764 2376 2846 imputauerim,
2437 2780 2601 2845 quae

258 2868 642 2948 argumentis
689 2867 1062 2931 confirmare
1108 2887 1240 2929 non
1284 2869 1540 2950 possim.

432 2971 614 3048 Quod
662 2976 951 3057 sequitur
997 2979 1186 3058 caput
1230 2972 1461 3035 XVIII
1509 2993 1590 3036 ex
1640 2976 1890 3039 duobus
1929 2975 2396 3040 commentariis
2434 2993 2603 3036 com-

268 3081 525 3160 positum
582 3081 733 3145 inde
780 3102 818 3143 a
869 3103 925 3165 p.
983 3086 1124 3162 147,
1158 3082 1482 3162 17--150,
1513 3083 1600 3145 20
1653 3074 1759 3145 ‘de
1815 3082 2092 3146 ablatiuo
2154 3075 2336 3144 casu'
2394 3078 2601 3142 refert.

268 3182 384 3249 Hic
431 3186 756 3251 Charisius
801 3190 1079 3272 primum
1127 3206 1264 3251 eam
1310 3185 1772 3251 transcribendi
1828 3196 2085 3253 secutus
2132 3194 2228 3252 est
2271 3188 2604 3265 rationem,

271 3313 448 3374 quam
491 3296 563 3357 in
609 3295 770 3358 libro
817 3296 882 3357 II
928 3297 1305 3380 plerumque
1349 3295 1633 3376 retinuit,
1680 3300 1753 3358 ut
1796 3295 1980 3359 breui
2029 3293 2388 3358 Cominiani
2434 3311 2605 3355 com-

267 3403 563 3465 mentario
621 3404 966 3485 praemisso
1014 3402 1094 3465 ad
1151 3401 1552 3465 Palaemonis
1601 3401 1954 3464 doctrinam
2009 3406 2298 3485 pergeret
2353 3398 2605 3461 uberio-

265 3525 409 3573 rem.
518 3509 736 3591 Atque
793 3509 1064 3572 alterum
1113 3508 1667 3589 commentarium,
1725 3510 1837 3590 qui
1882 3530 1939 3592 p.
1994 3510 2136 3589 148,
2171 3506 2493 3587 14-150,
2520 3506 2606 3568 20

267 3604 361 3676 ‘de
405 3613 685 3677 ablatiuo
733 3634 883 3677 casu
930 3622 992 3679 et
1038 3616 1363 3679 catholicis
1408 3616 1545 3677 eius
1593 3609 2180 3678 obseruationibus'
2226 3619 2346 3695 est,
2402 3633 2440 3675 a
2484 3611 2608 3675 Pa-

267 3718 544 3784 laemone
604 3722 1012 3805 adsumptum
1069 3741 1208 3787 esse
1268 3723 1546 3805 primum
1604 3722 1755 3784 inde
1808 3721 2127 3805 probatur,
2184 3721 2382 3805 quod,
2447 3737 2608 3802 quae

269 3828 538 3890 occurrit
580 3849 637 3911 p.
691 3830 835 3911 148,
872 3831 1152 3892 25-26
1202 3828 1561 3891 obseruatio
1610 3848 1647 3889 a
1691 3827 2072 3892 Palaemone
2117 3830 2245 3890 iam
2289 3830 2361 3890 in
2407 3828 2609 3910 capite

271 3931 393 3996 XV
436 3956 496 4019 p.
545 3937 649 4017 54,
682 3937 920 4000 9—20
974 3936 1222 4019 plenior
1280 3935 1523 4018 prolata
1581 3940 1678 3997 est
1739 3939 1802 3998 et
1857 3935 2027 4017 quod
2086 3934 2373 3997 doctrina
2415 3927 2610 3997 huius

270 4043 703 4112 commentarii
749 4044 939 4106 etiam
986 4043 1127 4106 aliis
1171 4043 1330 4105 locis
1376 4043 1457 4124 (p.
1507 4037 1622 4121 433
1665 4043 1768 4122 53,
1799 4043 2099 4122 30-55,
2129 4041 2240 4116 20)
2287 4045 2455 4103 tacta
2499 4044 2608 4102 est.

273 4149 556 4231 Accedit,
615 4147 785 4232 quod
833 4154 1166 4231 excerptor
1218 4170 1275 4232 p.
1325 4152 1473 4230 554,
1503 4150 1851 4229 34-555,
1882 4150 1966 4211 29
2015 4147 2237 4210 eadem
2281 4151 2613 4230 praecepta

273 4258 521 4339 accepit.
580 4254 811 4319 ‘Porro
859 4255 1114 4319 dicendi
1160 4256 1402 4319 ratione
1448 4255 1794 4319 Palaemon
1840 4256 1990 4318 satis
2027 4253 2359 4336 detegitur.
2411 4247 2412 4254 '
2453 4250 2612 4315 Cha-

271 4362 456 4426 risius
505 4369 741 4426 autem
814 4360 1215 4425 Palaemonis
1294 4359 1650 4425 doctrinam
1727 4380 2180 4443 nonnusquam
2254 4359 2614 4422 accuratius
