3197 4992
1351 300 1786 361 *33—

375 494 546 558 quae
604 481 814 558 aperta
870 476 1334 558 manifestaque
1393 482 1569 555 sunt,
1632 484 1844 538 tamen
1901 496 1982 537 ne
2029 477 2177 537 huic
2227 479 2422 538 errori
2469 479 2730 559 posthac

370 582 556 645 locus
622 584 730 664 sit,
795 583 861 644 id
926 584 1347 665 praetermitti
1413 603 1541 645 non
1614 582 1817 644 debet.
1933 581 2224 644 Primum
2290 584 2488 665 igitur
2533 603 2616 646 ne
2664 585 2731 646 id

376 690 643 772 quidem
706 709 936 752 uerum
1002 696 1121 767 est,
1190 689 1361 771 quod
1428 691 1652 752 statuit
1719 688 2211 751 Schottmueller
2276 688 2732 753 Palaemonem

372 789 621 859 ‘uelut'
659 798 1173 859 coniunctionem
1205 797 1582 879 scriptorum
1623 796 1837 859 uerbis
1876 816 2004 859 non
2035 797 2495 879 praeposuisse.
2562 795 2729 858 Nam

369 895 624 965 ‘uelut'
684 923 740 985 p.
800 904 1016 983 225,7
1068 902 1338 984 Vergilii
1403 903 1622 966 uerbis
1687 905 2113 985 praemissum
2183 908 2292 967 est.
2385 904 2490 964 An
2541 905 2728 964 etiam

368 1001 625 1072 ‘uelut'
672 1017 880 1071 ortum
928 1014 1023 1071 est
1069 1030 1105 1071 a
1147 1007 1447 1089 Charisio,
1494 1018 1568 1072 ut
1613 1002 1749 1072 ‘ut'
1798 1010 2183 1090 coniunctiO,
2234 1030 2425 1092 quam
2468 1011 2731 1092 quidem

373 1115 870 1179 Schottmueller
914 1116 1163 1178 uoluit?
1256 1115 1710 1179 Palaemonem
1758 1136 1930 1196 uerO,
1979 1122 2050 1178 ut
2098 1117 2390 1199 exempla
2436 1117 2724 1180 introdu—

374 1228 575 1304 ceret,
636 1225 816 1285 naria
865 1222 1116 1284 dicendi
1167 1224 1408 1285 ratione
1455 1243 1648 1284 usum
1698 1242 1835 1285 esse
1881 1222 2189 1304 probatur
2235 1223 2435 1286 hisce:
2484 1216 2732 1286 ‘uelut'

375 1331 746 1394 coniunctio
809 1332 873 1391 in
943 1331 1060 1410 eiS,
1119 1348 1277 1411 quas
1330 1330 1467 1391 dixi
1519 1330 1847 1410 particulis
1911 1330 2378 1391 duodetriciens
2427 1331 2728 1392 occurrit:

371 1459 434 1521 p.
475 1439 760 1517 225,19,
811 1439 959 1514 226,
988 1439 1085 1517 12,
1108 1439 1219 1515 33,
1271 1438 1417 1513 227,
1455 1438 1553 1515 10,
1580 1438 1679 1515 12,
1711 1439 1805 1517 16,
1833 1438 1931 1515 18,
1952 1438 2055 1515 20,
2077 1438 2180 1513 22,
2203 1438 2441 1515 26,27,
2492 1439 2639 1516 228,
2671 1439 2730 1514 2,

376 1547 438 1626 8,
461 1547 522 1625 9,
549 1545 785 1624 14,27,
819 1545 967 1620 231,
995 1545 1102 1621 10,
1136 1545 1284 1617 232,
1308 1546 1365 1622 5,
1393 1546 1491 1623 16,
1520 1545 1741 1623 17,22,
1763 1545 1866 1623 26,
1890 1545 2003 1619 33,
2037 1545 2183 1620 233,
2208 1546 2276 1621 5,
2311 1546 2459 1623 234,
2483 1546 2548 1621 6,
2582 1545 2733 1623 236,

377 1655 492 1730 11,
527 1653 675 1731 238,
697 1652 810 1728 24,
846 1642 987 1713 ‘ut'
1029 1651 1399 1712 coniunctio
1441 1650 1723 1711 deciens:
1775 1670 1831 1731 p.
1869 1652 2015 1729 225,
2044 1653 2141 1731 14,
2168 1653 2267 1731 15,
2290 1653 2401 1728 32,
2444 1653 2592 1730 226,
2616 1652 2729 1728 28,

374 1761 530 1839 232,
564 1760 668 1837 20,
698 1759 810 1835 30,
861 1759 1010 1836 233,
1042 1759 1195 1836 6,7;
1245 1758 1392 1833 235,
1415 1758 1518 1838 20,
1540 1758 1653 1835 22,
1714 1756 1885 1838 quod
1935 1757 2195 1839 quidem
2243 1756 2734 1819 Schottmueller

375 1866 654 1929 Charisii
706 1863 813 1926 uel
872 1863 1279 1925 librariorum
1333 1863 1736 1945 neglegentia
1794 1882 2061 1926 euasum
2123 1882 2260 1926 esse
2309 1865 2728 1941 existimauit3

372 1992 528 2056 ergo
565 1974 894 2033 mittamus
936 1962 1095 2050 ‘ut',
1141 1971 1558 2052 inspiciamus
1595 1970 1876 2051 reliqua:
1928 1972 2062 2033 sine
2111 1971 2240 2033 ulla
2278 1972 2732 2033 coniunctione

375 2086 439 2142 et
484 2098 598 2162 per
644 2097 711 2140 se
760 2078 1056 2159 exempla
1120 2079 1324 2159 posita
1370 2082 1521 2139 sunt
1566 2078 1811 2138 uiciens
1862 2077 2276 2158 quinquiens:
2327 2098 2385 2159 p.
2435 2079 2581 2157 225,
2616 2080 2729 2155 27,

380 2189 529 2262 226,
560 2188 618 2265 2,
650 2187 709 2263 3,
741 2187 799 2263 4,
828 2187 885 2264 6,
918 2186 973 2260 6,
1011 2186 1120 2261 153
1170 2185 1595 2263 228,25,30;
1647 2186 1794 2263 231,
1828 2186 1931 2263 25,
1963 2184 2451 2264 26,27,23,29;
2502 2186 2650 2260 232,
2673 2188 2732 2266 4,
2855 2248 2858 2251 ,

395 2296 619 2372 14,14,
657 2294 755 2371 15,
786 2293 902 2368 27,
954 2293 1389 2371 233,1,3,17,
1411 2293 1526 2369 24,
1577 2292 1806 2370 235,7,
1832 2293 1940 2369 15,
1998 2283 2149 2351 ‘ita'
2197 2294 2258 2351 et
2299 2282 2458 2353 ‘sic'
2506 2291 2732 2354 aduer-

390 2399 492 2461 bia
543 2400 794 2461 sexiens
843 2398 1152 2480 exemplis
1210 2399 1559 2480 praemissa
1617 2404 1798 2459 sunt:
1866 2418 1924 2480 p.
1975 2399 2122 2478 231,
2158 2399 2255 2474 19,
2287 2399 2389 2473 20,
2421 2399 2532 2477 20,
2583 2400 2732 2477 226,

386 2510 502 2585 13,
553 2509 802 2588 227,1,
853 2509 1000 2581 232,
1032 2507 1144 2585 30,
1202 2508 1354 2568 item
1399 2498 1501 2567 ‘id
1551 2500 1692 2581 est',
1740 2499 1835 2568 ‘et
1882 2498 2062 2568 sunt'
2109 2507 2413 2588 septiens:
2478 2527 2534 2587 p.
2584 2508 2733 2587 233,

384 2615 489 2690 10,
531 2617 629 2692 11,
671 2616 770 2692 15,
810 2614 919 2690 19,
980 2614 1129 2692 234,
1166 2615 1279 2691 32,
1338 2614 1486 2691 235,
1528 2614 1595 2690 2,
1666 2614 1814 2692 231,
1851 2615 1963 2689 25,
2033 2605 2287 2694 ‘quasi'
2358 2613 2730 2677 undeciens:

376 2741 440 2803 p.
499 2722 647 2799 234,
683 2723 783 2798 11,
820 2721 918 2794 12,
954 2723 1052 2797 14,
1088 2723 1185 2798 14,
1217 2722 1321 2796 23,
1352 2723 1456 2799 24,
1486 2722 1601 2796 27,
1654 2722 1801 2800 235,
1833 2722 1890 2798 3,
1923 2723 1980 2798 3,
2011 2723 2069 2800 4,
2102 2723 2167 2798 9,
2214 2713 2315 2781 ‘in
2372 2720 2546 2784 hunc
2602 2742 2742 2783 nio—-

376 2820 572 2889 dum’
629 2830 690 2887 et
728 2817 883 2887 choc
937 2820 1157 2888 modo²
1206 2832 1329 2888 ter:
1397 2847 1454 2909 p.
1497 2828 1646 2906 225,
1677 2828 1780 2906 23,
1817 2828 1932 2904 30,
1993 2829 2142 2905 225,
2172 2828 2288 2892 28:
2344 2819 2533 2889 ‘cum
2582 2828 2736 2891 dici-

376 2926 561 2995 mus'
625 2933 906 2994 sexiens:
977 2953 1032 3015 p.
1101 2935 1248 3013 234,
1280 2936 1382 3009 21,
1413 2935 1530 3012 27,
1582 2935 1731 3013 235,
1765 2936 1822 3010 5,
1857 2936 1955 3008 12,
1992 2937 2100 3008 17,
2163 2936 2310 3013 236,
2343 2936 2409 3010 5,
2479 2935 2736 2997 demon-

376 3041 726 3103 stratiuum
799 3033 967 3101 ‘hic'
1040 3042 1341 3102 nouiens:
1418 3059 1475 3122 p.
1543 3042 1692 3120 225,
1727 3042 1825 3120 16,
1861 3043 1959 3120 17,
1994 3042 2098 3121 20,
2128 3044 2230 3120 25,
2262 3043 2366 3120 26,
2398 3044 2517 3120 30,
2587 3044 2738 3123 226,

378 3150 456 3223 2,
509 3148 658 3227 231,
689 3148 746 3226 8,
777 3149 890 3223 21,
955 3148 1260 3237 respicias
1309 3165 1573 3228 quaeSO,
1636 3152 1710 3208 ut
1755 3148 2242 3229 grammaticuS,
2309 3148 2482 3228 quod
2546 3149 2733 3210 nobis
2838 3158 2844 3163 ’

379 3272 649 3334 quoque
710 3254 778 3314 in
828 3253 1096 3315 dicendo
1142 3253 1341 3316 ferme
1404 3253 1660 3333 accidit,
1723 3254 1776 3316 si
1827 3253 2079 3335 quando
2132 3253 2304 3334 quod
2368 3254 2737 3336 explicandi

379 3378 594 3442 genus
657 3358 1044 3436 adhibuerit,
1106 3360 1174 3421 id
1238 3361 1537 3442 deinceps
1598 3362 1964 3441 iterumque
2025 3359 2370 3422 tradiderit.
2420 3396 2507 3404 ——-
2557 3358 2735 3434 Quae

381 3466 607 3527 omnia
646 3485 790 3528 cum
840 3467 1081 3547 eadem,
1131 3487 1255 3548 qua
1301 3459 1546 3529 ‘uelut’
1594 3466 1979 3548 coniunctiO,
2028 3466 2492 3549 significatione
2530 3469 2738 3550 posita

381 3573 545 3652 sint,
602 3574 933 3655 perspicue
981 3573 1417 3636 demonstrant
1463 3573 1917 3636 Palaemonem
1965 3575 2143 3637 uaria
2191 3574 2442 3638 dicendi
2489 3576 2737 3637 ratione

386 3698 581 3740 usum
629 3697 779 3741 esse.
873 3678 1070 3740 Miror
1110 3680 1331 3760 ‚uirum
1381 3680 1639 3742 doctum
1686 3679 1752 3741 id
1801 3679 2112 3763 effugisse.
2197 3681 2304 3743 An
2346 3683 2533 3745 etiam
2582 3701 2654 3744 ea
2703 3703 2739 3744 a

381 3783 676 3847 Charisio
737 3791 884 3847 nata
931 3803 1069 3847 esse
1118 3785 1419 3848 dicemus.
1517 3784 1703 3861 Quod
1751 3787 1805 3848 si
1852 3790 2177 3868 statueriS,
2226 3794 2382 3851 tunc
2429 3791 2738 3852 nimirum

380 3893 581 3955 etiam
628 3892 1037 3954 statuendum
1084 3892 1205 3954 erit
1250 3896 1373 3954 tres
1420 3893 1565 3955 illas
1610 3894 1981 3975 particulas,
2038 3915 2195 3976 quas
2246 3894 2569 3958 Charisius
2617 3896 2740 3958 Pa-

376 3998 668 4060 laemoni
729 3997 1085 4080 adscripsit,
1145 4019 1406 4081 prorsus
1454 3999 1531 4061 ab
1596 4018 1671 4061 eo
1719 4005 1995 4062 mutatas
2046 4000 2149 4062 uel
2209 4003 2421 4083 potius
2469 4003 2548 4065 ab
2597 4005 2737 4085 ipso

376 4106 773 4187 compositas
819 4124 971 4168 esse.
1057 4106 1145 4167 At
1181 4125 1336 4168 uero
1378 4106 1703 4168 Charisius
1742 4125 1832 4186 ea,
1882 4124 2046 4187 quae
2085 4109 2500 4189 transcripsit,
2549 4127 2739 4172 accu-

374 4216 527 4275 rata
573 4210 703 4272 fide
748 4212 1160 4294 transcripsit,
1207 4211 1273 4274 id
1323 4212 1492 4294 quod
1540 4231 1654 4295 per
1698 4210 2094 4291 Dositheum,
2141 4230 2253 4294 per
2300 4219 2738 4296 excerptorem

368 4316 575 4398 Bob.,
638 4335 754 4400 per
797 4316 1198 4396 Diomedem,
1261 4339 1374 4402 per
1435 4319 1593 4382 alios
1655 4319 1964 4402 probatur
2022 4321 2469 4402 grammaticos
2527 4325 2740 4402 atque,

2385 4429 2418 4477 3
