3197 4992
1325 395 1765 458 „19—

359 573 464 635 nis
541 573 1039 635 concinnitatem
1111 573 1684 655 auctoritatemque
1749 571 2285 636 desiderabimus!
2382 571 2509 636 Sed
2581 572 2708 635 iam

361 679 643 762 abripior
687 679 770 742 ad
817 697 908 759 ea,
957 697 1121 761 quae
1167 679 1713 742 demonstraturus
1759 698 1918 742 sum.

540 784 838 849 Alterum
875 785 1331 849 Palaemonem
1375 784 1631 847 nullum
1677 784 1876 848 fuisse
1923 785 2226 867 quoniam
2270 783 2711 868 comprobasse

368 892 677 975 uidemur,
715 892 796 955 ad
835 890 1194 954 Charisium
1231 891 1625 955 aduertimus
1664 893 1926 973 animos,
1970 897 2045 954 111
2085 891 2256 974 quod
2292 893 2707 973 instituimUS,

359 1001 640 1082 primum
704 1018 787 1062 ex
843 1000 981 1061 eius
1047 1004 1181 1061 arte
1225 997 1667 1060 Remmianam
1732 997 2088 1061 doctrinam
2152 1017 2465 1062 eruamus.
2573 997 2712 1061 Iam

362 1112 565 1169 artem
611 1124 795 1167 suam
841 1125 972 1167 non
1012 1124 1046 1168 0
1091 1107 1227 1167 suis
1267 1104 1482 1187 copiis,
1531 1103 1643 1166 sed
1682 1123 1764 1167 ex
1802 1105 2076 1168 aliorum
2113 1107 2465 1188 praeceptis
2500 1126 2709 1189 gram-

359 1214 744 1275 maticorum
790 1213 1204 1294 compositam
1260 1227 1396 1274 esse
1446 1209 1772 1274 Charisius
1817 1213 1889 1273 in
1933 1211 2323 1294 praefatione
2378 1211 2459 1274 ad
2503 1210 2712 1274 filium

361 1320 529 1382 data
555 1340 615 1402 p.
667 1322 700 1380 1
763 1320 900 1401 ipse
945 1317 1076 1381 fere
1123 1308 1464 1380 confitetur
1519 1317 1765 1382 dicens:
1823 1310 2085 1381 ‘Amore
2129 1317 2337 1381 Latini
2398 1320 2710 1382 sermonis

360 1426 647 1509 obligare
694 1432 756 1488 10
802 1426 1086 1507 cupienS,
1131 1423 1227 1486 fili
1271 1424 1624 1506 karissime,
1672 1430 1871 1488 artem
1916 1426 2395 1508 grammaticam
2431 1426 2713 1491 sollertia

365 1533 880 1596 doctissimorum
941 1532 1232 1593 uirorum
1293 1531 1557 1613 politam
1623 1537 1687 1595 01
1749 1552 1788 1594 0
1849 1551 1954 1595 1110
2018 1531 2331 1614 digestam
2392 1534 2465 1594 in
2527 1531 2711 1597 libris

369 1640 655 1722 quinque
704 1639 869 1701 dono
919 1638 1038 1701 tibi
1081 1638 1229 1699 misi
1277 1685 1294 1703 .
1333 1686 1346 1700 .
1387 1685 1400 1698 .
1447 1637 1589 1700 Erit
1633 1639 1764 1700 iam
1801 1644 1949 1701 tuae
1984 1639 2355 1722 diligentiae
2389 1638 2713 1721 frequenti

367 1747 738 1809 recitatione
784 1745 998 1808 studia
1033 1763 1175 1807 mea
1212 1762 1295 1806 ex
1331 1744 1532 1807 uariis
1571 1745 1817 1808 artibus
1854 1747 2133 1828 inrigata
2169 1747 2513 1810 memoriae
2550 1746 2708 1809 tuis-

365 1870 491 1935 que
537 1853 831 1916 sensibus
876 1852 1198 1928 mandare‚
1244 1857 1319 1913 ut
1365 1871 1529 1933 quae
1576 1853 1907 1935 originalis
1952 1853 2195 1936 patriae
2242 1858 2473 1916 natura
2520 1852 2711 1916 dene-

359 1960 560 2042 gauit,
605 1961 850 2023 uirtute
898 1959 1099 2021 animi
1146 1956 1496 2029 adfectasse
1541 1953 1867 2022 uidearis³

544 2067 636 2128 At
673 2064 996 2129 Charisius
1036 2084 1183 2127 cum
1219 2064 1504 2127 hortulos
1552 2085 1702 2128 suos
1740 2065 2011 2128 aliorum
2046 2066 2278 2129 riuulis
2315 2067 2711 2149 inrigauerit,

365 2177 581 2236 tamen
628 2192 663 2236 e
709 2175 845 2236 suis
892 2171 1122 2237 studiis
1169 2176 1282 2233 aut
1327 2172 1555 2254 copiis,
1611 2177 1686 2235 ut
1730 2173 1944 2234 statim
1998 2174 2118 2234 hoc
2162 2172 2300 2235 loco
2345 2173 2415 2235 id
2460 2191 2713 2255 ponam,

374 2284 484 2341 aut
524 2300 748 2363 parum
794 2286 906 2343 aut
950 2279 1111 2343 nihil
1161 2277 1440 2358 addidit;
1492 2279 1651 2359 quin
1691 2279 1884 2340 etiam
1929 2280 2094 2341 mira
2132 2278 2409 2360 quadam
2452 2279 2714 2342 inscitia

372 2385 896 2469 neglegentiaque
942 2385 1455 2447 doctissimorum
1492 2384 1737 2447 artibus
1782 2385 2072 2447 uirorum
2115 2387 2187 2447 in
2225 2385 2708 2449 transcribendo

367 2512 524 2556 usus
570 2499 678 2557 est.
772 2492 940 2556 Nam
993 2512 1142 2556 cum
1198 2511 1327 2554 non
1383 2492 1536 2555 satis
1589 2493 2001 2576 perspiceret,
2067 2491 2224 2575 quid
2277 2493 2538 2556 maioris
2601 2499 2714 2557 aut

362 2600 634 2664 minoris
696 2600 1003 2663 momenti
1061 2603 1250 2679 esset,
1313 2617 1802 2686 nonnumquam
1844 2597 2227 2683 grauissima
2271 2601 2711 2683 praetermisit,

365 2705 493 2767 alia
537 2708 608 2768 in
655 2708 854 2770 alium
898 2706 1114 2769 locum
1157 2706 1498 2770 transtulit.
1580 2703 1984 2789 Quamquam
2030 2708 2107 2788 ei,
2155 2725 2302 2770 cum
2345 2706 2713 2771 incredibili

366 2812 648 2893 quadam
691 2815 952 2877 inscitia
997 2818 1331 2876 auctorum
1370 2832 1633 2876 suorum
1678 2812 1876 2876 libros
1911 2815 2215 2897 presserit
2251 2819 2715 2896 praeceptaque

363 2919 508 2983 sine
555 2921 924 2984 discrimine
972 2921 1402 3002 descripserit,
1456 2922 1731 3003 gratiam
1774 2919 2151 2983 habebimus
2195 2921 2302 2984 uel
2347 2921 2713 3002 maximam,

367 3026 543 3107 quod
583 3047 747 3109 quae
782 3029 1040 3111 recepit,
1090 3045 1265 3088 mera
1299 3025 1682 3109 plerumque
1718 3046 1840 3090 nec
1878 3026 2277 3116 dissimulata
2314 3029 2715 3110 transcripsit

364 3150 581 3215 neque
626 3153 949 3217 nusquam
994 3138 1304 3213 auctores,
1352 3152 1389 3194 a
1436 3132 1671 3215 quibus
1709 3132 2066 3196 doctrinam
2100 3134 2348 3216 petiuit,
2396 3151 2713 3196 commen-

365 3241 551 3303 tariis
595 3240 909 3323 praefixit.
1018 3240 1184 3303 Nam
1239 3241 1295 3301 si
1343 3238 1667 3302 Charisius
1713 3239 1899 3303 nobis
1946 3259 2079 3302 non
2126 3244 2316 3320 esset,
2381 3238 2714 3302 Palaemo-

364 3347 602 3410 nianae
648 3348 798 3410 artis
844 3347 1276 3411 restituendae
1333 3347 1582 3409 etiamsi
1627 3346 2022 3429 reliquorum
2067 3346 2355 3408 omnium
2400 3365 2713 3428 gramma·
2807 3417 2810 3421 ,

367 3455 668 3535 ticorum,
746 3456 1069 3538 siquidem
1140 3453 1387 3534 liceret,
1464 3452 1738 3516 frustula
1813 3454 2383 3536 congessissemus,
2459 3471 2713 3515 omnem

366 3579 549 3643 spem
594 3560 1008 3627 afficeremus,
1101 3559 1242 3636 Qua
1280 3564 1493 3622 tamen
1532 3558 1806 3623 Charisii
1842 3559 2158 3644 probitate
2196 3577 2271 3621 00
2307 3558 2714 3642 simplicitate

369 3666 674 3748 efficitur,
729 3672 805 3729 ut
850 3668 1041 3730 etiam
1087 3668 1231 3730 aliis
1276 3666 1462 3748 lociS,
1524 3667 1760 3749 quibus
1809 3668 1967 3750 quid
2014 3688 2052 3729 a
2099 3685 2226 3749 quo
2275 3666 2713 3748 adsumpserit,

359 3793 499 3837 non
545 3773 808 3855 addidit,
856 3779 1145 3837 auctores
1189 3774 1494 3856 indagare
1530 3774 1874 3855 possimus3
1924 3779 2117 3857 atque
2156 3793 2304 3837 cum
2341 3791 2424 3836 ex
2462 3773 2715 3856 optimis

358 3880 648 3945 fontibus
701 3885 1038 3963 praecepta
1084 3900 1200 3943 sua
1245 3880 1530 3943 hauserit
1588 3899 1663 3942 ac
1708 3881 2209 3960 coaceruauerit,
2269 3878 2716 3962 praestabilem

362 3990 536 4052 inter
581 3989 817 4051 artium
862 3988 1200 4069 scriptores
1254 3986 1470 4049 locum
1516 3986 1764 4048 obtinet
1815 3987 2288 4068 grammaticus.
2380 3984 2461 4047 In
2505 3988 2711 4068 primo

363 4100 580 4158 autem
632 4094 826 4175 libr0,
879 4098 956 4156 ut
1001 4112 1318 4155 summam
1362 4110 1610 4172 eorum,
1660 4110 1825 4174 quae
1868 4092 2237 4173 insequenti
2284 4091 2712 4173 disputatione

361 4201 647 4266 effecisse
691 4200 1008 4281 uidemur,
1053 4200 1473 4282 praemittam,
1523 4197 1851 4261 Charisius
1898 4197 2104 4260 tribus
2149 4216 2307 4259 usus
2354 4202 2449 4259 est
2494 4201 2710 4259 aucto-

363 4307 572 4371 ribus:
623 4307 1022 4387 Palaemone,
1070 4304 1134 4371 C.
1183 4305 1224 4369 J
1228 4306 1357 4368 ulio
1404 4303 1711 4385 Romano,
1760 4301 2151 4366 CominianO.
2243 4303 2462 4385 Atque
2508 4323 2547 4365 a
2590 4301 2714 4365 Pa-

362 4415 657 4478 laemone
710 4414 964 4496 regulas
1021 4412 1348 4496 generales
1407 4412 1690 4473 maxime
1746 4414 1808 4472 et
1862 4411 2241 4493 scriptorum
2298 4408 2621 4494 exempla,
2677 4429 2715 4470 a

2320 4512 2395 4566 2*
