3197 4992
1281 346 1721 407 -31—

313 541 473 603 esse,
519 542 691 584 nunc
739 523 1020 604 quaestio
1070 522 1287 602 oritur,
1336 522 1630 603 quisnam
1676 523 1815 585 eius
1850 521 2001 584 libri
2039 526 2259 584 auctor
2296 523 2394 584 sit.
2463 519 2666 596 Quem

310 635 387 692 ut
443 629 761 712 detegam,
824 630 1101 712 primum
1163 628 1515 691 disserendi
1572 629 1713 692 siue
1780 628 2048 692 docendi
2103 647 2323 711 genus,
2382 629 2552 710 quod
2597 629 2669 691 in

310 736 415 799 his
482 735 794 819 capitibus
860 735 1245 816 obseruetur,
1309 733 1622 798 intuebor.
1724 736 1941 817 Atque
2007 736 2205 798 oratio
2272 753 2345 798 ea
2408 735 2669 816 quidem

313 843 614 927 expedita
659 862 732 904 ac
776 842 1093 926 perfacilis
1139 842 1416 904 curritur
1459 842 1530 903 in
1575 840 1672 903 IV
1710 847 1773 904 et
1816 840 1869 904 V
1915 843 2289 924 praesertim
2336 841 2671 924 capitibuS,

315 968 479 1032 quae
526 969 563 1011 a
600 947 883 1012 Charisio
931 949 1109 1012 salua
1151 953 1402 1031 recepta
1448 949 1593 1028 sint,
1641 949 1897 1032 regulae
1941 949 2227 1031 regulam
2274 948 2670 1031 subiungens

310 1059 421 1138 ita,
466 1062 540 1119 ut
583 1056 691 1120 uel
734 1056 886 1119 inde
933 1055 1319 1118 concluseris
1368 1073 1622 1118 omnem
1668 1056 1832 1118 hanc
1878 1054 2233 1119 doctrinam
2272 1075 2355 1119 ex
2390 1075 2517 1118 uno
2558 1075 2666 1119 ore

313 1164 499 1246 quasi
542 1162 748 1226 fusam
795 1181 946 1226 esse.
1040 1161 1360 1225 Veniendi
1405 1161 1694 1242 uerbum,
1742 1162 1821 1225 de
1870 1182 1995 1244 quo
2044 1182 2231 1244 supra
2277 1183 2333 1246 p.
2373 1164 2456 1225 21
2508 1162 2669 1243 dixi,

309 1269 415 1333 bis
462 1270 739 1332 occurrit
782 1289 838 1352 p.
893 1272 994 1351 13,
1021 1271 1131 1332 28:
1176 1262 1281 1331 ‘in
1330 1269 1635 1332 unitatem
1687 1264 1937 1332 uenire’
1982 1271 2022 1331 i.
2072 1287 2123 1332 6.
2173 1269 2475 1352 coniungi
2521 1287 2666 1331 cum

310 1383 377 1439 et
421 1397 479 1460 p.
535 1379 634 1457 13,
664 1378 787 1440 29:
833 1369 1089 1440 ‘uenire
1137 1368 1330 1457 ciun',
1389 1376 1560 1458 quod
1606 1376 1777 1440 idem
1826 1376 2155 1459 significat.
2203 1388 2206 1391 ·
2249 1373 2347 1439 De
2395 1375 2668 1439 docendi

305 1500 546 1566 genere
590 1483 867 1565 primum
910 1483 979 1545 id
1026 1463 1415 1546 monendum
1463 1487 1574 1564 est,
1626 1483 1795 1566 quod
1835 1481 2073 1545 Graeca
2116 1483 2337 1566 lingua
2378 1483 2670 1564 undique

309 1589 561 1651 conlata
606 1595 701 1652 est
747 1610 892 1653 cum
936 1588 1176 1652 Latina.
1271 1588 1580 1653 Veterum
1637 1589 1893 1653 dicendi
1950 1610 2102 1653 usus
2150 1592 2302 1653 satis
2350 1589 2670 1653 subtiliter

308 1697 715 1760 examinatur
776 1716 832 1779 p.
900 1699 1013 1775 163
1088 1698 1256 1759 inter
1320 1698 1675 1778 scriptoreS,
1753 1698 1905 1780 quia
1965 1698 2070 1760 hic
2135 1698 2215 1760 de
2280 1695 2667 1776 syllabarum

308 1805 681 1886 quantitate,
739 1808 811 1866 ut
853 1803 983 1866 fere
1033 1803 1323 1885 dicimus
1381 1805 1666 1886 quaestio
1714 1809 1838 1885 est,
1886 1802 2213 1887 Vergilius
2270 1802 2440 1865 solus
2487 1801 2670 1864 testis

306 1909 637 1972 exhibitus
705 1914 829 1990 est,
908 1911 1014 1972 cui
1076 1930 1132 1993 p.
1201 1912 1282 1973 15
1350 1917 1414 1973 et
1482 1912 1562 1973 16
1629 1929 1879 1972 summa
1941 1912 2282 1973 auctoritas
2345 1908 2668 1971 tribuitur.

308 2015 886 2078 Grammaticorum
942 2018 1294 2080 sententiae
1347 2018 1651 2079 uniuerso
1711 2021 1912 2079 tactae
1970 2021 2150 2079 sunt:
2213 2009 2404 2079 ‘haec
2456 2015 2671 2077 littera

310 2143 347 2184 a
386 2122 788 2205 >quibusdam
842 2117 1143 2207 negatur³
1197 2144 1253 2207 p.
1306 2126 1363 2205 8,
1417 2126 1525 2200 143
1588 2115 2053 2205 ‘superuacuae
2120 2123 2501 2205 quibusdam
2564 2121 2666 2182 ui-

319 2221 580 2290 dentur’
629 2231 826 2310 8,16;
872 2222 1050 2292 ‘aliis
1095 2231 1336 2313 placuit
1380 2231 1472 2292 ita
1517 2223 1813 2292 definire'
1855 2231 2053 2310 12,4;
2100 2231 2338 2310 14,10;
2383 2221 2546 2290 cnon
2590 2232 2671 2289 ut

320 2339 540 2415 putant
579 2331 878 2417 plurimi'
930 2339 1029 2419 15,
1052 2338 1153 2400 24.
1219 2335 1356 2400 Nec
1395 2337 1627 2399 desunt
1672 2336 1985 2399 dictiones
2030 2337 2102 2398 in
2145 2336 2320 2398 hunc
2366 2335 2657 2398 modum:

315 2432 800 2506 ‘consideranda
855 2444 1054 2527 igitur
1101 2437 1226 2507 est’
1280 2464 1336 2527 p.
1391 2445 1640 2525 15,15;
1686 2435 1917 2507 ‘etiam
1971 2442 2040 2505 id
2092 2461 2322 2526 magna
2367 2462 2521 2506 cura
2564 2442 2665 2505 ui-

307 2548 593 2611 dendum
654 2555 773 2631 est,
833 2544 1038 2632 quod'
1092 2554 1192 2633 16,
1223 2555 1291 2631 53
1350 2544 1717 2614 ‘inuenitur
1774 2555 1981 2614 tamen
2051 2551 2218 2634 apud
2274 2543 2668 2633 Vergilium²

310 2656 413 2736 16,
435 2656 493 2718 9.
589 2654 754 2720 Satis
802 2658 1140 2741 diligenter
1187 2660 1464 2741 denique
1509 2660 1962 2741 grammaticus
2011 2676 2100 2739 ea,
2150 2676 2312 2741 quae
2356 2658 2661 2737 docuerit,

302 2767 568 2825 reuocat
628 2764 701 2826 cf.
749 2786 806 2848 p.
861 2768 1061 2847 11,4:
1095 2767 1286 2847 8‚20;
1335 2767 1804 2847 12,22:11,6;
1856 2766 2369 2846 13,24:12,12;
2416 2764 2661 2844 13,28:

308 2871 414 2951 13,
435 2869 559 2933 20:
589 2872 689 2952 13,
710 2873 828 2952 223
873 2875 1037 2949 15,4
1063 2893 1075 2934 ε
1104 2875 1204 2954 14,
1226 2875 1339 2952 263
1385 2874 1881 2953 15,24:15,15.
1934 2871 2110 2948 Quae
2148 2873 2363 2935 omnia
2399 2872 2455 2934 si
2488 2888 2660 2933 com-

300 2977 632 3058 paraueris
693 2997 839 3041 cum
896 2980 1005 3061 616,
1069 2999 1230 3061 quae
1289 2999 1480 3062 supra
1532 3000 1588 3062 p.
1638 2981 1910 3043 21—28
1968 2980 2047 3042 de
2101 2977 2502 3042 Palaemonis
2563 2976 2662 3039 di-

303 3082 498 3145 cendi
581 3083 982 3167 docendique
1063 3088 1309 3149 ratione
1391 3087 1690 3169 exposui,
1778 3086 1961 3149 facile
2045 3086 2348 3149 concedes
2429 3084 2659 3146 miram

304 3189 626 3271 quandam
687 3191 1179 3258 similitudinem
1234 3193 1387 3256 hinc
1442 3193 1621 3255 illinc
1680 3193 1870 3255 cerni.
1962 3192 2232 3256 Accedit
2293 3190 2461 3275 quod
2520 3190 2657 3273 pari

300 3295 499 3358 modo
554 3315 655 3360 res
702 3298 1042 3381 dispositae
1101 3303 1252 3361 sunt
1306 3305 1370 3362 et
1421 3300 1593 3380 quod
1647 3299 1752 3362 uel
1806 3300 1878 3362 in
1925 3301 2127 3382 capite
2173 3298 2253 3379 V,
2307 3319 2363 3381 p.
2420 3299 2498 3360 16
2547 3296 2659 3357 do—

303 3402 500 3466 cendi
547 3402 973 3495 Palaemonisv
1013 3425 1087 3469 ea
1148 3408 1308 3469 ratio
1372 3406 1653 3469 indicata
1716 3411 1835 3487 est,
1903 3406 1981 3469 de
2046 3426 2196 3487 qua,
2263 3403 2517 3487 quando
2576 3403 2656 3465 ad

302 3510 505 3571 huius
568 3509 718 3590 libri
782 3517 969 3594 caput
1030 3511 1162 3574 XV
1224 3532 1601 3596 peruenerO,
1673 3513 1961 3595 pluribus
2025 3512 2242 3576 uerbis
2312 3512 2654 3574 disseram:

307 3634 471 3698 quas
515 3616 773 3699 linguae
826 3619 998 3702 leges
1053 3624 1305 3683 ueteres
1370 3621 1572 3682 secuti
1629 3620 1758 3681 sint
1817 3621 2168 3701 quaeritur,
2233 3624 2452 3683 utrum
2496 3618 2662 3680 ratio

305 3741 393 3784 an
443 3724 830 3787 consuetudo
876 3726 948 3788 in
997 3725 1266 3789 dicendo
1304 3727 1511 3789 ualeat
1549 3726 1961 3806 discernitur3
2009 3726 2289 3790 incultae
2324 3725 2666 3790 uetustatis

300 3828 618 3911 loquendi
668 3831 892 3894 horror
944 3832 1330 3915 repudiatur.
1381 3870 1464 3878 -—
1511 3833 1604 3895 At
1657 3852 1739 3897 ne
1797 3835 1880 3896 sit
1932 3835 2161 3897 horum
2214 3834 2494 3916 capitum
2539 3831 2668 3894 Pa·—

300 3937 563 4000 laemon
610 3944 853 4017 auctor3
913 3938 1246 4002 uideamus
1296 3958 1569 4022 quonam
1620 3941 1881 4002 uenturi
1927 3942 2127 4003 simus
2174 3940 2362 4002 aliam
2408 3939 2667 4001 ratioci-

280 4044 589 4107 -nationis
650 4046 825 4108 uiam
896 4046 1184 4129 ingressi.
1299 4045 1622 4109 Charisius
1689 4047 1862 4109 enim
1928 4052 1992 4109 et
2053 4044 2422 4126 DositheuS,
2487 4045 2660 4127 quod

298 4155 528 4236 postea
563 4154 936 4234 aperiemuS,
985 4172 1141 4234 eam,
1190 4172 1350 4235 quae
1396 4152 1811 4235 subsequitur
1858 4153 2210 4216 doctrinam
2259 4171 2294 4215 6
2332 4150 2666 4213 Palaemo-

298 4259 409 4321 nis
464 4257 629 4321 libro
687 4257 1157 4323 deriuauerunt.
1261 4259 1435 4336 Quae
1493 4280 1640 4323 cum
1697 4262 1789 4323 ita
1841 4262 1994 4341 sint,
2053 4265 2128 4322 ut
2181 4265 2244 4322 et
2295 4259 2363 4319 in
2408 4275 2667 4341 praece-

301 4366 487 4430 denti
553 4371 617 4429 et
677 4366 749 4427 in
822 4366 1237 4448 subsequenti
1301 4367 1587 4431 doctrina
1655 4372 1926 4450 uterque
1989 4385 2192 4429 unum
2257 4365 2667 4445 eundemque
