3197 4992
1212 325 1474 385 —57
1569 361 1653 368 ,-

267 503 482 585 quiem.
585 501 803 564 Cicero
869 505 1082 563 autem
1145 501 1331 563 aliter
1395 501 1774 577 declinauit3
1841 500 2035 563 huius
2097 493 2451 583 pernicies’.
2516 537 2598 546 —-

262 607 333 671 In
371 610 477 691 eis,
531 628 692 692 quae
729 612 1103 690 sequuntur,
1150 606 1514 687 Palaemon,
1563 627 1691 689 qua
1728 607 1974 671 ratione
2012 605 2228 670 Cicero
2274 608 2363 669 ita
2409 598 2602 670 decli-

260 717 518 796 nauerit,
547 716 824 799 exponit.
874 712 1162 789 Quorum
1189 712 1516 777 Romanus
1544 735 1601 797 p.
1647 716 1792 795 142,
1809 716 1847 777 3
1883 714 2038 777 haec
2065 715 2333 797 recepit:
2373 706 2601 788 ‘Quies

263 823 486 904 quietis
531 822 709 903 facit,
771 840 917 884 cum
971 840 1039 883 es
1094 821 1402 904 producta
1445 820 1631 883 finita
1674 822 1934 883 nomina
1980 822 2351 904 genetiuum
2396 821 2456 884 ei
2502 841 2602 883 so-

258 926 420 995 leant
481 929 837 1008 termina-re,
900 932 976 990 ut
1041 928 1176 991 dies
1233 929 1401 991 acies
1463 929 1784 1006 luxuries3
1856 927 2026 1010 quod
2090 932 2302 991 tamen
2366 946 2603 990 nomen

256 1033 468 1097 iuncta
512 1035 976 1118 praepositione
1021 1036 1088 1096 in
1137 1036 1426 1117 regulam
1470 1035 1660 1115 redit,
1707 1039 1781 1097 ut
1825 1033 2033 1097 Maro:
2095 1026 2418 1117 ‘requiem
2462 1054 2601 1118 spa-

257 1140 537 1223 tiumque
607 1141 806 1203 furori
820 1135 856 1202 ³.
967 1139 1371 1224 Quamquam
1443 1140 1659 1205 Cicero
1732 1143 2085 1223 requietem
2158 1141 2398 1204 dixisse
2468 1160 2602 1204 me·-

254 1252 529 1310 moretur
540 1241 574 1309 ³.
642 1286 725 1293 —
791 1247 834 1312 J
836 1268 939 1311 am
1004 1268 1120 1312 cur
1185 1247 1404 1312 Cicero
1475 1242 1897 1331 ‘requietem'
1962 1249 2222 1329 dixerit,
2295 1248 2364 1310 id
2431 1248 2604 1330 quod

255 1351 621 1419 Palaemon.
653 1376 732 1439 p..
753 1356 835 1419 69
893 1355 1115 1419 subtili
1168 1357 1415 1419 ratione
1472 1357 1873 1439 exsequitur,
1939 1355 2263 1418 Romanus
2325 1358 2603 1439 praeter-

253 1461 432 1523 misit.
483 1498 569 1506 —
621 1460 869 1536 Quibus
917 1463 1226 1547 exemplis
1273 1465 1426 1526 satis
1477 1482 1779 1547 apparere
1833 1464 2197 1546 putauerim
2243 1460 2605 1525 Romanum

256 1564 654 1635 ,Palaemonis
711 1569 1066 1632 doctrinam
1129 1571 1555 1653 occupauisse.
1653 1568 1946 1633 Ceterum
2001 1569 2207 1633 eidem
2268 1569 2604 1651 scriptores

254 1679 441 1757 atque,
482 1677 644 1739 adeo
699 1676 849 1738 libri
894 1677 1173 1759 exempli
1230 1695 1422 1739 causa
1477 1678 1685 1759 posita
1733 1682 1884 1740 sunt
1935 1697 1972 1739 a
2017 1675 2323 1757 Romane,
2382 1675 2496 1758 qui
2542 1678 2605 1737 et

255 1800 288 1842 a
321 1781 722 1846 Palaemone.
809 1781 934 1846 Sed
984 1785 1290 1865 quoniam
1335 1782 1663 1846 Romanus
1709 1784 1883 1846 illius
1931 1783 2281 1846 doctrinam
2329 1783 2608 1844 mutauit

254 1893 436 1972 atque
491 1891 568 1952 in
624 1886 886 1955 breuius
944 1892 1286 1971 contraxit,
1351 1892 1467 1953 uix
1517 1891 1994 1971 diiudicaueriS,
2039 1889 2154 1952 ubi
2177 1926 2178 1929 =
2198 1888 2606 1960 Palaemonis

254 2002 581 2080 praecepta
644 1996 724 2059 ab
789 2017 862 2060 eo
928 1997 1214 2059 adhibita
1278 1998 1433 2078 sint,
1498 1998 1626 2059 nisi
1693 1994 2015 2061 Charisius
2079 1998 2150 2059 in
2214 1996 2417 2078 capite
2471 1993 2603 2056 XV

253 2104 525 2167 eundem
592 2103 1042 2173 Palaemonem
1116 2103 1483 2185 diligentius
1557 2104 2015 2186 exscripsisset.
2131 2102 2361 2185 Neque
2435 2104 2605 2165 enim

251 2205 574 2274 Romanus
638 2210 1039 2274 Palaemonis
1103 2230 1336 2274 nomen
1399 2230 1706 2293 umquam
1771 2209 2015 2273 addidit
2072 2229 2146 2272 ea
2199 2210 2466 2272 forsitan
2526 2209 2605 2271 de

253 2333 459 2399 causa,
535 2318 705 2400 quod
770 2317 1168 2380 Palaemonis
1235 2337 1364 2397 arS,
1441 2336 1588 2380 cum
1652 2319 1720 2379 in
1782 2317 2181 2399 frequentem
2246 2316 2604 2379 scholarum

253 2441 433 2491 usum
481 2425 790 2506 uenisset,
850 2426 1110 2488 nomine
1165 2425 1302 2488 eius
1350 2424 1601 2508 dempto
1652 2424 1812 2487 liber
1855 2422 2150 2508 publicus
2198 2442 2273 2486 ac
2320 2441 2602 2484 commu-

253 2532 346 2594 nis
406 2533 618 2596 factus
682 2537 831 2595 erat.
923 2531 1185 2595 Praeter
1246 2532 1645 2595 Palaemonis
1713 2536 1925 2594 autem
1990 2533 2203 2615 copias
2267 2530 2604 2613 praecipue
2651 2588 2654 2591 ,

254 2633 537 2702 Plinium
595 2641 933 2723 usurpauit
977 2637 1327 2716 Romanus3
1392 2638 1564 2701 unde
1618 2640 1897 2721 integras
1951 2639 2291 2722 particulas
2347 2638 2605 2699 nomine

256 2748 534 2829 apposito
597 2747 836 2830 recepit
899 2765 1080 2808 suam
1144 2746 1526 2807 sententiam
1597 2746 1803 2808 rarius
1870 2745 2171 2808 adferens
2283 2744 2438 2814 Hic
2474 2744 2607 2805 illic

256 2852 435 2915 etiam
492 2853 745 2933 incidit,
810 2857 886 2915 ut
938 2852 1136 2915 Plinii
1202 2852 1492 2914 doctrina
1554 2872 1701 2915 cum
1761 2853 2143 2916 Palaemone
2200 2852 2419 2935 capitis
2478 2842 2607 2913 XV

257 2961 606 3023 conueniat.
681 2958 909 3042 Neque
956 2964 1165 3022 tamen
1212 2958 1620 3021 statuendum
1668 2965 1779 3040 est,
1828 2959 2272 3022 Palaemonem
2319 2978 2357 3020 a
2396 2956 2607 3021 Plinio

253 3066 540 3144 pendere.
651 3065 942 3150 Namque
1007 3065 1379 3146 Palaemon,
1452 3066 1567 3128 ubi
1634 3064 1828 3127 Plinii
1896 3066 2245 3128 doctrinam
2309 3065 2607 3147 respexit,

256 3188 478 3235 nomen
529 3173 667 3236 eius
714 3173 942 3237 attulit.
1037 3171 1329 3236 Ceterum
1372 3173 1499 3235 nisi
1546 3173 1616 3234 in
1678 3178 2073 3252 transcurSU,
2130 3175 2204 3234 ut
2248 3172 2337 3232 ita
2384 3171 2607 3250 dicam,

257 3272 535 3343 Plinium
589 3299 718 3342 non
765 3280 1052 3342 nominat
1099 3279 1456 3361 disceptans
1514 3279 1669 3361 quid
1718 3278 1795 3341 ab
1854 3297 1927 3341 eo
1981 3282 2168 3343 reete,
2196 3277 2609 3360 explanatum

243 3384 360 3471 rsit,
424 3387 581 3470 quid
626 3406 770 3449 non.
865 3384 1051 3461 Quod
1098 3385 1349 3448 Plinius
1406 3390 1468 3447 et
1515 3384 1855 3448 Palaemon
1908 3403 2397 3466 nonnumquam
2442 3384 2610 3446 inter

260 3507 321 3553 se
365 3495 800 3574 consentiunt,
862 3494 998 3555 eius
1053 3494 1147 3555 rei
1200 3494 1417 3555 uariae
1471 3492 1831 3555 redduntur
1893 3510 2135 3555 causae.
2227 3489 2289 3553 N
2290 3509 2362 3553 ec
2406 3491 2526 3552 hoc
2573 3508 2609 3551 a

260 3600 389 3666 ,ueri
445 3600 869 3663 similitudine
925 3600 1203 3662 alienum
1260 3604 1381 3680 es-t,
1448 3599 1621 3680 quod
1686 3598 1919 3680 aliquis
1985 3603 2222 3661 statuat
2275 3600 2609 3681 praecepta

263 3707 596 3788 quaedam,
646 3726 809 3789 quae
856 3726 929 3769 eo
976 3712 1259 3789 tempore
1304 3707 1681 3789 peruulgata
1722 3705 1983 3786 fuerint,
2031 3712 2095 3769 et
2139 3726 2177 3768 a
2214 3705 2423 3768 Plinio
2471 3707 2534 3765 et
2572 3723 2610 3765 a

262 3806 632 3877 Palaemone
696 3813 982 3877 absolute
1044 3818 1294 3896 recepta
1359 3832 1511 3875 esse.
1607 3811 2065 3875 Verumtamen
2124 3812 2319 3875 Plinii
2378 3810 2609 3873 doctri-

262 3934 399 3981 nam
445 3941 484 3983 a
531 3920 912 3984 Palaemone
966 3920 1150 3983 facile
1211 3920 1575 3983 secreueris,
1669 3917 1920 3981 Plinius
1968 3921 2137 3982 enim
2181 3917 2410 4001 frigida
2456 3936 2610 3999 qua-

266 4020 400 4088 dam
445 4032 509 4091 et
552 4029 762 4111 prisca
804 4028 1026 4110 lingua
1088 4027 1308 4106 utitur,
1373 4045 1501 4107 qua
1554 4030 1885 4108 praecepta
1940 4043 2428 4107 nonnumquam
2483 4023 2610 4108 dis-

263 4129 472 4198 iuncte
518 4135 924 4213 adserantur3
975 4138 1193 4196 contra
1230 4132 1624 4195 Palaemonis
1663 4132 1862 4193 oratio
1907 4134 2209 4194 continua
2254 4150 2328 4192 ac
2366 4136 2613 4212 compta

266 4240 516 4318 profluit
577 4243 691 4323 ita,
755 4245 829 4303 ut
888 4240 1177 4323 regulam
1241 4238 1462 4321 regula
1515 4238 1819 4321 excipiat.
1916 4236 2054 4313 Qua
2115 4238 2187 4299 in
2248 4254 2319 4299 re
2373 4254 2610 4299 unum-

271 4362 601 4432 quemque,
668 4349 780 4430 qui
845 4352 909 4411 et
972 4346 1167 4410 Plinii
1232 4351 1296 4409 et
1359 4344 1766 4408 Palaemonis
1832 4345 2180 4407 doctrinam
2251 4343 2608 4406 accuratius
