3197 4992
1557 335 1638 342 --
1737 300 1996 359 48-

590 496 740 540 nem
781 476 1181 538 Palaemonis
1219 477 1406 538 istam
1448 474 1820 539 confuderit.
1904 474 2254 537 Palaemon
2291 475 2474 536 initio
2515 477 2737 558 capitis
2775 476 2938 538 hanc

593 583 853 666 quidem
904 582 1386 666 dispositionem
1430 581 1693 644 fecerat:
1742 576 2010 644 ‘Omnia
2058 584 2255 663 igitur
2300 583 2563 644 nomina
2624 632 2637 644 .
2687 631 2700 644 .
2750 632 2763 644 .
2825 601 2938 666 per

589 690 927 753 duodecim
976 690 1234 752 ultimas
1271 689 1513 750 litteras
1549 688 1870 751 finiuntur
1919 690 2208 771 quinque
2249 689 2504 752 uocales
2554 709 2590 750 a
2637 708 2671 750 e
2716 689 2740 750 i
2789 708 2824 750 o
2874 709 2938 769 u,

590 816 711 861 sex
749 797 1165 860 semiuocales
1210 796 1233 856 l
1280 815 1343 856 m
1394 816 1434 856 n
1482 815 1515 855 r
1560 815 1590 857 s
1639 816 1701 875 x,
1751 816 1944 858 unam
1983 801 2224 858 mutam
2264 801 2304 857 t.
2392 795 2752 878 Sequemur
2789 814 2938 878 ergo

591 905 707 967 has
755 905 1219 967 extremitates.
1253 951 1265 963 .
1298 896 1347 963 ,²
1432 900 1573 975 Qua
1612 900 2018 965 Palaemonis
2067 902 2483 984 dispositIOne
2529 922 2760 984 parum
2798 921 2939 985 per-

588 1018 805 1094 specta
843 1010 1168 1073 Charisius
1215 1011 1279 1070 ni
1328 1008 1513 1070 fallor
1562 1011 1688 1071 iam
1734 1008 1930 1071 fontis
1979 1010 2269 1072 ordinem
2317 1007 2764 1091 perturbatum
2803 1027 2941 1071 esse

590 1120 887 1201 opinatus
945 1124 1055 1181 est.
1147 1116 1567 1178 Existimauit
1622 1116 1927 1176 nimirum
1987 1134 2101 1198 per
2162 1115 2422 1177 uocales
2470 1134 2507 1177 a
2553 1134 2587 1176 e
2634 1117 2658 1176 i
2705 1134 2741 1177 o
2788 1136 2833 1177 u
2883 1120 2943 1177 et

592 1225 827 1287 deinde
886 1242 1000 1306 per
1056 1226 1478 1284 consonantes
1537 1221 1838 1304 deinceps
1897 1221 2151 1304 disponi
2209 1221 2456 1286 debere.
2547 1220 2775 1304 Itaque
2824 1242 2941 1284 suo

590 1334 728 1415 ipse
775 1331 978 1394 Marte
1035 1329 1325 1392 ordinem
1381 1330 1718 1392 instituere
1779 1334 2047 1391 conatus
2105 1334 2199 1392 est
2252 1330 2582 1392 interitum
2631 1329 2757 1392 sibi
2802 1331 2942 1412 ipse

592 1443 947 1522 paraturus,
1040 1434 1208 1498 Nam
1264 1437 1563 1518 quamuis
1611 1455 1814 1518 paene
1870 1455 1944 1498 eo
1992 1437 2330 1518 processit,
2390 1441 2460 1498 ut
2506 1455 2620 1518 per
2665 1438 2942 1501 uocales

591 1565 755 1629 quas
803 1564 996 1627 supra
1046 1543 1210 1623 dixi,
1266 1543 1656 1625 disponeret,
1718 1546 1932 1604 tamen
1996 1547 2332 1625 postquam
2387 1542 2468 1605 ad
2517 1548 2942 1606 consonantes

592 1653 907 1736 peruenit,
943 1652 1013 1713 in
1050 1654 1260 1712 tantas
1299 1647 1612 1711 adductus
1652 1654 1748 1711 est
1787 1651 2133 1732 angustias,
2185 1655 2257 1712 ut
2293 1651 2754 1732 praetermissis
2802 1651 2943 1732 plu-

592 1761 774 1822 rimis
829 1750 1404 1820 ‘extremitatibus'
1461 1755 1753 1817 ordinem
1810 1756 1914 1818 uel
1971 1757 2185 1838 potius
2243 1756 2792 1837 perturbationem
2848 1759 2944 1819 in-

594 1868 959 1929 iustitueret
1012 1865 1205 1926 hanc:
1273 1883 1341 1926 as
1399 1882 1465 1925 es
1513 1883 1575 1923 m
1626 1860 1787 1945 (um)
1837 1883 1914 1924 us
1977 1881 2046 1925 er
2092 1882 2163 1924 ar
2219 1882 2290 1924 or
2345 1883 2428 1925 ur
2470 1884 2565 1926 ux
2622 1883 2703 1925 en
2751 1884 2837 1926 ex
2883 1863 2944 1928 is

592 1972 675 2038 ix
744 1989 822 2039 os
891 1988 991 2038 ox
1056 1992 1156 2035 ax,
1272 1969 1520 2044 Quibus
1585 1974 1802 2031 tamen
1857 1962 2437 2033 ‘extremitatibus'
2505 1970 2661 2053 quid
2728 1970 2944 2049 Chari-

594 2081 731 2142 sius
793 2079 1073 2140 uoluerit
1135 2082 1428 2159 apertum
1485 2080 1594 2138 est.
1690 2075 1917 2139 Voluit
1977 2078 2152 2139 enim
2208 2097 2322 2159 per
2382 2078 2671 2159 singulas
2719 2096 2945 2139 conso-

594 2191 820 2249 nantes
870 2186 1225 2268 disponere.
1321 2181 1507 2257 Quod
1557 2188 1629 2245 ut
1673 2181 2006 2266 perficeret
2052 2188 2302 2246 tantum
2343 2184 2526 2265 afuit,
2572 2188 2647 2246 ut
2691 2183 2945 2266 pristini

591 2293 841 2354 ordinis
886 2312 1091 2375 pauca
1148 2290 1421 2353 frustula
1476 2292 1532 2352 is
1579 2291 1680 2370 ix,
1736 2309 1806 2352 os
1856 2309 1940 2351 ox
1996 2292 2311 2354 retineret.
2406 2289 2457 2352 Ο
2516 2295 2943 2373 praestantem

592 2399 954 2462 doctrinam
1005 2397 1565 2460 Palaemonianam
1617 2402 1677 2459 et
1722 2402 1898 2459 tanto
1945 2396 2204 2459 homine
2252 2396 2530 2480 dignam,
2580 2416 2745 2479 quae
2797 2397 2946 2459 alte-

595 2509 732 2569 rius
795 2507 1048 2569 inscitia
1109 2505 1643 2587 neglegentiaque
1706 2504 1902 2566 deleri
1964 2524 2096 2566 non
2152 2505 2462 2587 potuerit!
2524 2543 2605 2548 —
2667 2503 2945 2568 Verum-

594 2617 810 2675 tamen
861 2632 945 2675 ex
991 2612 1211 2694 paucis
1256 2612 1398 2673 istis
1439 2609 1710 2672 Charisii
1757 2611 2275 2674 extremitatibus
2325 2611 2591 2674 conlatis
2640 2631 2792 2674 cum
2841 2613 2947 2690 eiS,

594 2740 759 2802 quas
796 2718 1141 2781 Palaemon
1181 2717 1490 2798 exhibuit,
1535 2718 1948 2801 intellegitur,
1999 2723 2390 2800 quantopere
2439 2717 2769 2780 Charisius
2819 2737 2946 2780 am-

597 2825 881 2908 putando
945 2844 1019 2887 ac
1081 2824 1470 2887 detrahendo
1534 2823 1944 2888 Palaemonis
2008 2825 2365 2887 doctrinam
2425 2825 2830 2887 imminuerit
2892 2828 2950 2885 et

594 2933 883 2994 inuicem
948 2931 1025 2994 ab
1093 2931 1605 2995 extremitatibus
1671 2952 1708 2993 a
1774 2931 2159 2995 Palaemone
2225 2931 2482 3014 prolatis
2546 2931 2949 3014 grammatici

596 3040 798 3101 nostri
845 3038 1169 3101 doctrinae
1215 3058 1531 3102 summam
1581 3039 2010 3121 computando
2049 3039 2300 3102 efficere
2337 3058 2696 3121 possumus.
2785 3038 2949 3102 Nam

598 3151 672 3209 ut
708 3166 841 3209 non
887 3140 1120 3210 ‘uerba
1159 3145 1640 3227 uerborumque
1682 3140 2139 3228 quaestiones²,
2192 3166 2350 3227 quas
2392 3144 2720 3208 Charisius
2763 3146 2949 3229 plane

598 3255 1048 3336 praetermisit,
1120 3259 1405 3335 tangam:
1483 3252 1798 3314 catholica
1858 3274 2051 3336 uaga,
2126 3273 2289 3335 quae
2361 3253 2523 3315 dixit
2584 3252 2947 3331 Palaemon,

596 3363 884 3424 maxima
931 3380 1014 3423 ex
1060 3364 1238 3442 parte
1285 3360 1574 3441 neglecta
1621 3365 1789 3422 sunt.

779 3467 980 3529 Porro
1045 3468 1502 3549 grammaticus
1567 3467 1637 3527 in
1684 3466 1806 3527 hoc
1873 3486 2130 3549 quoque
2196 3468 2401 3550 capite
2465 3466 2949 3549 diligentissime

598 3574 821 3637 laudat
888 3572 1242 3635 doctrinam
1306 3592 1506 3634 suam.
1601 3571 1706 3635 Sic
1759 3593 1816 3654 p.
1868 3574 1970 3653 67,
2005 3577 2073 3653 53
2126 3576 2378 3656 85,18;
2432 3577 2680 3652 87,14;
2739 3577 2844 3654 74,
2879 3575 2947 3648 83

596 3682 830 3761 88,34,
878 3684 952 3742 ut
997 3680 1246 3761 reliqua
1294 3679 1547 3741 silentio
1596 3684 2004 3761 praeteream,
2051 3686 2149 3744 ter
2184 3683 2446 3764 respicit
2484 3681 2565 3744 ad
2602 3683 2832 3764 capitis
2867 3679 2948 3760 X,

598 3786 700 3850 bis
756 3787 840 3848 ad
899 3787 1123 3869 capitis
1170 3784 1337 3848 XIV
1392 3786 1630 3849 titulos
1737 3787 2113 3869 Aegerrime
2168 3788 2235 3850 id
2293 3788 2553 3869 quidem
2611 3787 2948 3851 ferendum

602 3898 713 3969 est,
766 3892 938 3975 quod
1003 3912 1168 3976 quae
1210 3885 1529 3976 ‘plenior'
1577 3898 1640 3956 et
1685 3885 2120 3976 ‘plenissime'
2168 3894 2450 3957 indicata
2506 3899 2601 3957 est
2657 3893 2948 3956 doctrina

597 4000 776 4083 apud
843 3997 1203 4064 Charisium
1273 4000 1684 4063 desideratur.
1796 4001 2012 4082 Adde,
2081 4021 2244 4084 quae
2309 4022 2366 4085 p.
2426 4004 2529 4082 93,
2561 4003 2598 4064 3
2666 4005 2947 4064 exstant:

594 4100 838 4169 ‘Multa
894 4126 1046 4170 sane
1098 4109 1554 4188 inueniuntur,
1619 4127 1784 4190 quae
1842 4110 2021 4171 uaria
2076 4110 2325 4172 ratione
2388 4108 2716 4187 deficiant,
2787 4124 2946 4190 quac

601 4233 718 4277 suo
769 4233 1029 4297 quoque
1090 4214 1279 4277 titulo
1342 4214 1670 4297 praedicta
1716 4208 1913 4277 sunt'.
2010 4213 2135 4288 Qui
2197 4216 2459 4299 quidem
2503 4208 2741 4278 ‘tituli'
2793 4213 2945 4277 Cha-

600 4322 741 4383 risii
780 4320 1252 4383 transcribendi
1290 4321 1697 4403 neglegentia
1737 4321 2020 4385 tenebris
2059 4323 2433 4386 circumfusi
2477 4327 2644 4388 sunt.
2720 4319 2941 4384 Cuius-
