3197 4992
1247 355 1685 417 „41—

293 527 468 608 25,6,
494 530 803 610 28,7,17,
826 532 932 610 42,
954 530 1058 605 31,
1081 530 1195 606 37,
1228 531 1334 610 44,
1356 531 1468 607 33,
1502 531 1608 609 45,
1631 531 1699 607 2,
1727 532 1832 610 47,
1859 531 1936 592 13
1969 522 2635 591 tum‘declinationes'

293 632 456 697 dixit.
497 672 583 680 ——
624 634 721 697 De
759 635 1028 698 docendi
1069 637 1315 698 ratione
1350 637 1629 717 primum
1664 635 2074 698 memoranda
2113 640 2206 698 est
2243 633 2634 698 Graecorum

290 740 515 824 lingua,
567 761 733 825 quae
781 742 1024 824 ubique
1072 743 1424 824 composita
1470 747 1565 805 est
1612 762 1760 804 cum
1805 743 2063 821 Latina3
2132 762 2169 803 a
2217 762 2488 824 quorum
2538 741 2634 803 di—

291 849 458 911 cendi
507 869 636 912 usu
684 850 971 912 deriuata
1019 853 1115 910 est
1150 849 1312 910 ratio
1351 848 1578 912 Latine
1617 848 1922 931 loquendi
1968 868 2026 930 p.
2062 850 2171 927 19,
2214 851 2327 927 24,
2369 851 2483 926 41,
2525 850 2629 911 46.

291 953 503 1020 Censet
561 962 777 1019 autem
831 956 1286 1038 grammaticus
1337 955 1578 1018 Graeca
1633 957 1921 1036 nomina,
1984 956 2039 1017 si
2094 962 2391 1018 naturam
2437 954 2631 1017 Grae-

289 1080 416 1124 cam
464 1063 823 1143 obtineant,
877 1081 1008 1123 non
1054 1062 1181 1123 nisi
1231 1060 1471 1126 Graeca
1533 1062 1824 1144 analogia
1884 1062 2189 1125 declinari
2238 1061 2483 1143 debere,
2531 1063 2630 1124 sin

289 1176 485 1231 autem
532 1171 605 1231 in
652 1168 879 1231 Latina
924 1169 1368 1246 reformentur,
1416 1175 1553 1232 tum
1602 1171 1791 1231 etiam
1840 1168 1919 1230 ad
1964 1167 2256 1231 Latinam
2302 1169 2631 1230 declinati-

287 1293 459 1338 onem
513 1276 880 1338 reuocanda
935 1295 1088 1339 esse.
1184 1275 1428 1339 Graeca
1491 1277 1758 1338 nomina
1822 1277 2008 1338 etiam
2070 1267 2467 1358 ‘peregrina'
2523 1295 2629 1357 ap-

283 1382 466 1462 pellat
523 1405 581 1466 p.
632 1384 735 1463 25,
768 1384 834 1459 8,
904 1385 1090 1464 siqua
1154 1389 1477 1464 praeterea
1531 1385 1794 1445 nomina
1849 1388 2001 1446 sunt
2055 1403 2279 1466 parum
2325 1381 2631 1457 Romana,

284 1480 608 1551 ‘barbara'
653 1510 711 1571 p.
752 1491 991 1570 25,19,
1034 1492 1276 1570 3Ο,12,
1320 1493 1547 1571 38,14.

451 1598 804 1678 Scriptores
849 1615 1088 1678 paucos
1145 1602 1336 1659 testes
1386 1598 1709 1660 excitauit.
1802 1595 1971 1659 Nam
2019 1602 2081 1660 et
2126 1598 2195 1658 in
2240 1597 2415 1659 hisce
2463 1596 2632 1678 capi-

283 1701 442 1765 tibus
491 1705 617 1765 nisi
668 1703 745 1765 de
791 1704 1037 1765 ratione
1086 1703 1341 1766 dicendi
1394 1724 1525 1766 non
1572 1705 1939 1787 expositum
1986 1708 2107 1783 est,
2161 1701 2228 1763 id
2277 1702 2450 1785 quod
2495 1704 2634 1785 ipse

282 1807 402 1871 fere
445 1810 684 1872 fatetur
744 1830 801 1891 p.
847 1811 1090 1890 18,18;
1151 1801 1448 1872 ‘Ordines
1495 1813 1856 1889 nominum,
1922 1811 2036 1892 qui
2084 1809 2339 1892 quidem
2387 1811 2631 1871 ratione

285 1921 340 1976 et
384 1915 828 1979 obseruatione
872 1917 1327 1979 inueniuntur.
1359 1964 1372 1978 .
1403 1910 1454 1978 .²
1503 1922 1563 1979 et
1607 1937 1665 1999 p.
1694 1919 1931 1993 35,16;
1979 1909 2125 1980 ‘sed
2174 1921 2463 1979 auctores
2503 1936 2632 1977 non

284 2040 477 2104 usque
529 2042 789 2104 quaque
835 2024 989 2085 haec
1037 2022 1590 2086 obseruauerunt.
1638 2073 1649 2086 .
1696 2018 1747 2086 ‚³
1843 2022 2052 2098 Quare
2101 2023 2632 2086 consuetudinem

287 2126 530 2190 dicendi
597 2130 738 2191 siue
804 2131 1272 2210 auctoritatem,
1341 2129 1548 2211 qualis
1614 2131 1784 2213 apud
1850 2132 2187 2212 scriptores
2243 2130 2630 2204 inueniatur,

286 2235 455 2297 uelut
523 2237 596 2297 in
671 2237 946 2298 transitu
1012 2237 1270 2319 stringit
1345 2244 1456 2300 aut
1521 2239 1575 2299 si
1650 2243 1895 2299 ueteres
1961 2257 1994 2297 a
2061 2238 2307 2298 ratione
2368 2254 2632 2318 prorsus

291 2339 725 2405 abhorruerint
771 2340 852 2425 (p.
895 2344 997 2419 22,
1034 2346 1145 2421 17,
1188 2344 1435 2426 41,10)
1495 2326 1608 2406 aut
1672 2345 1727 2406 si
1790 2362 1951 2425 quae
2010 2342 2485 2405 confirmatione
2532 2343 2630 2402 in-

291 2445 496 2530 digere
542 2448 893 2512 uideantur
939 2456 1019 2533 (p.
1061 2452 1257 2532 22,1,
1301 2452 1406 2526 33,
1435 2452 1559 2531 10).
1637 2449 1691 2512 Ε
1741 2442 2152 2533 scriptoribus
2200 2454 2432 2530 autem,
2480 2449 2634 2532 quia

286 2552 382 2616 hic
429 2556 505 2619 de
561 2557 834 2638 singulis
889 2557 1259 2620 nominibus
1323 2559 1608 2640 quaestio
1667 2563 1786 2638 est,
1847 2558 2105 2641 plurimi
2170 2557 2360 2620 duxit
2403 2555 2632 2637 Vergi-

286 2657 462 2743 lium,
516 2663 584 2725 id
637 2662 809 2744 quod
857 2664 1146 2745 undique
1194 2669 1391 2745 patet,
1450 2664 1681 2728 deinde
1729 2664 2097 2727 Ciceronem
2146 2665 2365 2727 dicens
2418 2684 2475 2746 p.
2526 2664 2635 2743 33,

293 2768 393 2830 10:
437 2760 597 2833 ‘Sed
639 2769 860 2832 Cicero
902 2770 1068 2832 dixit
1101 2762 1361 2832 ‘fascem
1398 2791 1606 2833 unum
1652 2773 1708 2834 si
1744 2777 2020 2834 nanctus
2060 2765 2261 2835 esses'
2307 2790 2419 2853 per
2459 2769 2631 2853 quod

286 2873 709 2959 intellegimus
754 2877 1108 2939 masculino
1155 2895 1390 2960 genere
1441 2879 1566 2941 dici
1614 2884 1673 2941 et
1713 2898 1845 2941 non
1883 2898 2021 2941 esse
2056 2883 2305 2941 tantum
2342 2871 2630 2961 plurale².

290 2976 639 3063 Vergilium
700 3002 773 3046 eo
837 2993 1119 3066 tempore
1185 2984 1355 3066 apud
1417 2986 1866 3067 grammaticos
1920 2987 2201 3047 maxima
2257 2986 2632 3048 auctoritate

291 3089 538 3152 omnino
586 3090 785 3153 fuisse
834 3092 1026 3153 etiam
1069 3090 1220 3152 inde
1266 3092 1666 3173 perspicitur,
1727 3093 1898 3175 quod
1956 3094 2043 3154 ait
2101 3113 2159 3174 p.
2207 3094 2412 3168 44,1;
2471 3084 2632 3154 ‘Sed

291 3191 362 3254 de
404 3195 721 3259 insomnio
771 3198 1134 3279 quaesitum
1182 3202 1302 3277 est,
1364 3200 1670 3279 quoniam
1719 3199 1890 3281 apud
1936 3199 2300 3281 Vergilium
2344 3217 2473 3260 non
2522 3217 2632 3280 ge-

288 3298 604 3366 minatur².
674 3301 799 3378 Qui
836 3310 1162 3387 praeterea
1209 3311 1551 3367 occurrunt
1597 3307 1954 3389 scriptores,
2002 3307 2060 3368 ei
2098 3305 2177 3367 ad
2217 3302 2631 3367 statuendum

288 3410 571 3472 ueterum
625 3410 875 3473 dicendi
926 3430 1116 3473 usum
1162 3410 1357 3473 adlati
1403 3416 1584 3473 sunt:
1651 3410 1904 3475 Ennius
1949 3432 2006 3495 p.
2052 3413 2151 3492 19,
2182 3413 2241 3492 2,
2288 3410 2631 3473 Sallustius

284 3531 335 3592 p.
391 3514 490 3595 22,
536 3520 648 3595 18,
700 3519 902 3599 36,2,
952 3519 1202 3600 42,12,
1265 3516 1597 3582 Terentius
1654 3540 1710 3601 p.
1761 3522 2015 3597 22,19;
2068 3521 2304 3600 37,17,
2358 3517 2633 3580 Plautus

280 3638 330 3699 p.
368 3621 614 3703 32,14,
659 3626 890 3705 37,18,
928 3624 1132 3687 Varro
1179 3646 1236 3707 p.
1279 3626 1507 3706 37,15.
1603 3624 1893 3701 Quorum
1936 3625 2136 3689 uerba
2172 3625 2394 3688 laudat
2437 3623 2633 3686 libro-

281 3744 411 3788 rum
454 3731 658 3795 titulo
707 3736 819 3793 aut
865 3731 1080 3794 addito
1127 3737 1239 3794 aut
1286 3733 1534 3795 omisso

437 3833 547 3902 At
593 3856 725 3900 non
771 3839 899 3901 nisi
959 3856 1275 3901 consensu
1331 3840 1718 3921 scriptorum
1772 3842 2085 3903 rationem
2140 3841 2404 3923 infringi
2449 3858 2635 3921 posse

281 3943 526 4025 censet3
587 3944 703 4008 ubi
747 3964 924 4007 unus
972 3950 1196 4007 auctor
1242 3946 1416 4008 solus
1463 3946 1718 4009 dicendi
1762 3966 2049 4009 normam
2099 3946 2409 4029 neglexit,
2465 3945 2634 4008 refu-

277 4044 548 4114 tandum
593 4053 876 4135 putauit,
935 4053 1180 4115 etiamsi
1225 4052 1551 4134 Vergilius
1600 4054 1694 4116 sit.
1759 4074 1816 4136 p.
1858 4055 1960 4135 34,
1992 4055 2076 4117 29
2126 4054 2297 4115 enim
2340 4044 2634 4113 ‘uinum'

281 4169 530 4234 sempel·
573 4159 898 4241 singulare
945 4177 1080 4222 esse
1128 4158 1440 4222 definiens
1488 4159 1696 4223 addit:
1742 4152 2068 4242 ‘quamuis
2105 4157 2433 4240 Vergilius
2479 4158 2633 4219 uina

285 4257 577 4344 dixeris,
648 4284 841 4348 quem
885 4264 1156 4349 Vergilii
1215 4266 1470 4329 dicendi
1525 4286 1720 4329 usum
1781 4266 2237 4349 grammaticus
2299 4261 2633 4345 improbat,

289 4365 437 4445 quod
488 4363 720 4435 ‘uina'
764 4373 1097 4456 pluraliter
1144 4373 1224 4436 ad
1273 4374 1692 4456 quantitatem
1739 4373 1936 4435 relata
1982 4372 2127 4453 sint,
2175 4391 2307 4434 non
2354 4370 2435 4434 ad
2475 4390 2632 4453 qua-
