3197 4992
1395 328 1834 388 —45—

425 505 691 566 accessi,
759 503 920 565 Tum
960 502 1217 565 demum
1264 505 1610 586 perspicies
1659 505 2177 566 conuenientiam
2222 505 2430 585 istam,
2481 524 2648 586 quae
2687 510 2782 568 est

425 611 597 672 inter
636 610 991 672 Charisium
1040 616 1103 672 et
1147 609 1525 691 Romanum,
1574 610 1896 692 quomodo
1942 611 2180 673 factum
2230 612 2314 673 sit
2360 649 2443 656 —
2491 611 2558 673 id
2607 611 2781 693 quod

426 717 607 779 uiros
654 717 872 779 doctos
927 718 1210 779 maxime
1267 719 1533 780 uexauit
1580 755 1663 762 —
1713 724 1785 780 ut
1832 718 2042 801 modo
2071 717 2397 781 Charisius
2452 719 2520 780 in
2576 719 2781 800 capite

426 821 580 903 XV,
643 824 828 886 modo
876 823 1207 887 Romanus
1263 825 1331 885 in
1389 825 1593 906 capite
1641 823 1841 886 XVII
1898 824 1976 888 de
2037 825 2258 887 eadem
2313 843 2384 887 re
2438 826 2626 907 plura
2672 843 2782 886 ex-

424 929 759 993 hibuerint
795 930 1039 1012 alioqui
1079 932 1491 1012 congruentia
1530 931 1948 1014 eiusdemque
1989 929 2291 992 uocabuli
2328 948 2781 1013 saepenumero

421 1037 688 1099 diuersa
734 1037 1027 1119 exempla
1083 1037 1432 1114 attulerint3
1497 1041 1634 1099 tum
1695 1038 1953 1101 demum
1999 1038 2359 1120 perspicies,
2406 1056 2521 1100 cur
2569 1035 2782 1098 Chari-

424 1144 564 1206 sius
608 1145 677 1205 in
724 1145 929 1226 capite
966 1143 1164 1205 XVII
1209 1145 1411 1207 multa
1459 1151 1791 1228 praecepta
1828 1146 2067 1208 eisdem
2105 1144 2235 1206 sere
2272 1143 2489 1206 uerbis
2529 1142 2779 1205 eodem-

422 1269 560 1332 que
609 1251 849 1332 ordine,
899 1269 1028 1332 quo
1075 1252 1144 1312 in
1183 1253 1387 1334 capite
1425 1251 1572 1329 XV,
1621 1254 1854 1315 iterum
1893 1251 2200 1315 effuderit.
2272 1250 2440 1313 Nam
2481 1251 2781 1332 quamuis

427 1355 702 1418 Charisii
757 1358 1014 1420 inscitia
1060 1377 1293 1440 magna
1340 1360 1445 1439 sit,
1506 1365 1720 1422 tamen
1767 1379 1899 1421 non
1947 1363 2121 1420 tanta
2167 1363 2286 1437 est,
2348 1362 2423 1420 ut
2465 1377 2781 1440 gramma-

420 1465 648 1544 ticum,
697 1464 1001 1526 translata
1039 1465 1144 1527 1101
1182 1466 1466 1526 maxima
1504 1464 1776 1528 Romani
1823 1459 1926 1527 ‘'de
1968 1457 2291 1548 analogia'
2341 1465 2566 1547 capitis
2603 1469 2782 1546 parte

424 1610 516 1617 —-
563 1572 628 1633 id
679 1571 855 1653 quod
902 1569 1389 1634 Schottmueller
1435 1576 1497 1634 et
1542 1571 1886 1634 Neumann
1949 1573 2297 1634 uoluerunt
2344 1611 2426 1616 —
2475 1572 2543 1633 in
2592 1576 2784 1653 caput

422 1677 578 1760 XV,
624 1660 764 1741 tum
813 1697 962 1740 cum
1010 1677 1089 1739 ad
1138 1684 1329 1760 caput
1374 1677 1573 1740 XVII
1628 1680 2052 1761 peruenisset,
2114 1681 2337 1761 paucis
2385 1679 2637 1760 paginis
2684 1680 2782 1738 in-

421 1786 724 1867 teriectiS,
788 1791 1033 1869 partem
1097 1786 1285 1847 istam
1340 1784 1776 1847 Romanianae
1834 1785 2159 1848 doctrinae
2220 1785 2489 1847 oblitum
2547 1786 2782 1847 iterum

422 1893 898 1974 transcripsisse
943 1897 1260 1975 putemus.
1354 1892 1652 1969 Accedit,
1706 1893 1882 1974 quod
1932 1891 2253 1955 Charisius
2300 1894 2365 1953 in
2414 1892 2531 1953 1100
2579 1893 2783 1973 capite

420 1999 713 2089 exceptis
762 2000 851 2061 eis
897 2000 1072 2079 locis,
1140 2019 1304 2081 quos
1350 1998 1639 2061 Romano
1696 2000 1832 2082 ipse
1888 1999 2226 2081 adscripsit
2281 1998 2365 2081 (p.
2416 2001 2518 2077 51,
2560 2000 2625 2074 5;
2678 1999 2780 2076 53,

429 2106 547 2183 12;
599 2107 711 2186 56,
753 2109 820 2185 4;
873 2109 984 2187 61,
1024 2110 1119 2188 5),
1192 2126 1518 2188 nusquam
1584 2106 1857 2169 Romani
1921 2108 2313 2168 mentionem
2384 2104 2559 2185 fecit,
2634 2124 2780 2166 cum

418 2211 584 2274 alias
633 2213 965 2294 diligentia
1006 2213 1284 2296 quadam
1325 2233 1399 2276 ac
1438 2213 1650 2275 studio
1690 2233 1924 2277 nomen
1964 2215 2101 2276 eius
2142 2211 2443 2275 adiecerit
2477 2213 2781 2293 ipsosque

420 2319 602 2381 locos
650 2340 685 2381 a
731 2319 1021 2383 Romano
1069 2320 1362 2383 laudatos
1410 2319 1831 2403 descripserit.
1929 2320 2252 2383 Charisius
2300 2320 2471 2380 enim
2510 2316 2782 2379 Romani

418 2427 781 2489 doctrinam
843 2446 995 2511 prae
1061 2429 1284 2490 ceteris
1358 2428 1768 2510 praecipuam
1834 2427 2021 2489 duxit
2084 2431 2338 2510 propter
2400 2425 2782 2488 breuitatem

422 2534 760 2616 nimirum,
815 2535 882 2597 id
930 2535 1105 2617 quod
1151 2535 1396 2616 ubique
1445 2535 1873 2598 animaduerti
1924 2536 2089 2597 licet.
2181 2534 2281 2595 Ac
2327 2552 2410 2595 ne
2456 2532 2783 2616 Vergilius

420 2641 694 2722 quidem
743 2643 1023 2723 exceptis
1078 2642 1236 2704 locis
1290 2641 1420 2703 11113
1477 2661 1752 2724 usquam
1802 2641 2083 2704 Maronis
2142 2642 2521 2722 cognomine
2570 2641 2784 2723 appel-

420 2747 614 2828 latur,
671 2766 819 2810 cum
875 2747 1202 2810 Romanus
1248 2747 1612 2829 Vergilium
1670 2748 1887 2811 ubiuis
1935 2748 2289 2828 Maronem,
2352 2752 2424 2810 ut
2471 2746 2783 2809 Christius

426 2854 661 2935 optime
716 2856 994 2935 monuit,
1053 2856 1493 2917 nominauerit.
1587 2855 1811 2936 Atque
1866 2857 1935 2917 111
1991 2854 2190 2917 XVII
2248 2854 2524 2917 Romani
2580 2856 2784 2937 capite

422 2961 661 3043 pagina
703 2963 847 3042 146,
869 2963 913 3023 5
958 2966 1224 3043 excepta
1269 2982 1399 3024 non
1445 2962 1572 3024 nisi
1609 2961 1940 3024 Maronem
1985 2963 2321 3025 laudatum
2356 2963 2669 3025 inuenies,
2698 3000 2782 3008 —

425 3065 511 3129 In
567 3065 698 3128 XV
751 3068 952 3150 igitur
1012 3074 1203 3151 caput
1260 3070 1535 3151 primum
1594 3068 1993 3131 Palaemonis
2054 3069 2375 3131 transtulit
2431 3070 2784 3131 doctrinam

425 3172 791 3236 uberiorem
844 3172 1188 3256 0110113103,
1257 3175 1486 3238 deinde
1549 3178 1616 3237 in
1683 3177 1885 3258 capite
1933 3174 2130 3236 XVII
2194 3195 2231 3236 a
2294 3173 2599 3254 RomanO,
2667 3180 2784 3258 qui

418 3279 707 3342 *eundem
772 3279 1346 3345 Palaemonianum
1410 3282 1652 3345 librum
1716 3284 1842 3344 iam
1909 3282 2385 3364 compilauerat,
2451 3290 2783 3366 praecepta

424 3391 758 3449 mutuatus
807 3393 915 3450 est.
1012 3386 1189 3463 Quae
1238 3409 1434 3471 quam
1482 3409 1638 3452 uera
1685 3390 1838 3470 sint,
1888 3390 2185 3471 deinceps
2232 3388 2603 3453 uiderimus.

610 3494 832 3576 Atque
897 3495 1124 3558 titulus
1185 3497 1408 3578 capitis
1465 3495 1624 3558 XV:
1688 3489 1814 3559 ‘De
1875 3495 2383 3560 extremitatibus
2447 3499 2784 3561 nominum

422 3605 495 3663 >et
551 3601 828 3664 diuersis
890 3597 1406 3682 quaestionibus²
1473 3625 1509 3667 a
1576 3623 1858 3686 quonam
1912 3605 2227 3686 profectus
2290 3606 2398 3685 sit,
2454 3624 2537 3668 ex
2581 3607 2784 3689 ipsius

422 3709 710 3770 auctoris
777 3726 883 3771 ore
948 3709 1171 3771 audias
1236 3709 1466 3788 uelim3
1532 3732 1589 3793 p.
1631 3713 1735 3791 25,
1781 3712 1861 3774 10
1918 3713 2088 3774 enim
2147 3712 2303 3775 haec
2357 3713 2786 3776 inueniuntur

422 3814 652 3896 capitis
698 3812 768 3876 X
822 3814 1043 3877 uerba:
1099 3807 1408 3898 ‘legimus
1456 3820 1629 3879 enim
1677 3823 2107 3880 toreumatum
2155 3824 2217 3881 et
2263 3825 2783 3904 toreumatorum,

429 3921 584 3984 item
634 3923 1009 3985 toreumatis
1058 3927 1121 3985 et
1167 3924 1628 3986 toreumatibus
1676 3930 1737 3987 et
1783 3926 1874 3987 310
1921 3927 2181 4007 similia,
2245 3927 2323 3988 de
2372 3926 2607 4008 quibus
2654 3927 2785 4010 ple-

427 4029 579 4091 nius
628 4028 750 4091 sub
797 4030 1019 4092 titulo:
1066 4022 1198 4092 ‘De
1237 4015 1744 4094 extremitatibus
1784 4026 2151 4094 nominum'
2199 4033 2613 4114 explanatum
2651 4029 2783 4096 est'.

400 4133 639 4218 Caput
693 4134 761 4197 X
817 4141 1030 4199 autem
1085 4135 1490 4200 Palaemonis
1554 4158 1693 4201 esse
1748 4160 1941 4222 supra
1995 4161 2050 4222 p.
2102 4141 2365 4203 32—36
2430 4139 2782 4203 docuimus

427 4239 669 4304 Mirum
718 4261 868 4305 sane
915 4248 1033 4324 est,
1097 4245 1272 4325 quod
1319 4244 1514 4307 huius
1569 4246 1770 4329 ipsius
1818 4247 2059 4329 capitis,
2120 4246 2291 4328 quod
2347 4250 2477 4308 tam
2529 4244 2784 4309 difficile

419 4354 525 4413 est
590 4349 941 4431 explicam,
1019 4352 1280 4414 titulum
1356 4351 1638 4415 indicare
1709 4353 1893 4434 quasi
1969 4352 2176 4414 uoluit
2247 4350 2593 4415 Palaemon
2665 4371 2786 4415 1100
