3197 4992
1245 321 1684 382 -29-

270 497 476 559 totius
514 494 917 560 Charisianae
965 497 1119 560 artis
1164 498 1419 581 singula
1464 498 1669 580 capita
1715 516 1798 560 ex
1845 497 2069 560 ordine
2106 516 2627 580 percenseamus3

272 623 405 685 quo
454 603 619 666 facto
666 602 746 665 ad
788 601 1167 667 Dositheum
1214 608 1276 666 et
1322 604 1402 666 ad
1449 608 1890 686 excerptorem
1936 602 2095 667 Bob.
2143 622 2495 687 pergemus

260 752 263 755 ι
382 770 385 775 ,
458 711 674 792 Atque
756 710 835 774 de
897 729 1134 774 nouem
1206 710 1525 794 prioribus
1594 710 1786 793 primi
1848 709 2000 772 libri
2063 711 2401 793 capitibUS,
2469 731 2630 794 quae

273 815 584 880 breuibus
646 819 1124 881 commentariis
1189 819 1673 881 continerentur
1733 817 1898 879 nihil
1961 818 2152 880 statui
2215 818 2434 897 licere,
2512 819 2632 881 etsi

274 921 774 987 Schottmueller
815 925 925 988 1119
982 923 1239 1007 quidem
1298 924 1338 986 l.
1385 925 1424 987 l.
1470 945 1527 1007 p.
1581 927 1662 988 18
1720 925 1993 1005 091191111,
2058 924 2476 986 nihilominus
2541 928 2631 985 ta-

272 1048 426 1093 men
473 1029 668 1094 rebus
716 1031 980 1094 conlatis
1029 1030 1368 1113 dilatisque
1415 1037 1737 1095 auctorem
1795 1049 2018 1095 eorum
2067 1032 2205 1093 erui
2248 1049 2435 1113 posse
2482 1048 2630 1092 con—

272 1135 424 1199 fido.
518 1138 661 1220 Age
706 1157 911 1221 porro,
958 1137 1337 1200 adoriamur.
1428 1137 1568 1200 Iam
1615 1137 1648 1200 I
1695 1142 1757 1200 et
1802 1136 1871 1200 II
1912 1129 2027 1200 ‘de
2072 1128 2517 1220 grammatica'
2568 1141 2630 1199 et

272 1235 387 1307 ‘de
432 1238 630 1307 uoce'
677 1245 880 1328 capita
918 1244 1156 1308 codicis
1195 1245 1446 1309 defectu
1482 1246 1685 1329 plane,
1732 1248 1919 1327 caput
1957 1243 2059 1306 III
2097 1262 2181 1306 ex
2217 1249 2393 1326 parte
2429 1244 2629 1327 perie-

276 1356 443 1413 runt.
555 1349 770 1435 Capite
833 1350 934 1414 III
994 1352 1146 1415 inde
1211 1373 1247 1415 a
1309 1372 1502 1416 uersu
1555 1352 1686 1414 VH
1747 1373 1803 1434 p.
1856 1355 1892 1414 7
1917 1388 2000 1396 —
2028 1354 2128 1432 11,
2171 1354 2207 1413 7
2273 1351 2630 1414 litterarum

277 1458 574 1540 singulae
628 1459 869 1541 species
926 1477 1271 1541 earumque
1296 1490 1301 1495 ·
1326 1460 1683 1523 functiones
1745 1459 2118 1541 explanatae
2174 1463 2340 1520 sunt.
2434 1456 2629 1520 Cuius

279 1564 541 1627 initium
572 1570 576 1574 '
605 1585 641 1627 a
694 1548 998 1629 Dositheo
1045 1565 1177 1629 VII
1230 1587 1287 1650 p.
1338 1569 1464 1631 381
1532 1572 1856 1631 seruatum
1917 1570 2029 1628 est.
2120 1564 2216 1648 {In
2283 1566 2373 1627 eis
2442 1566 2631 1646 enim,

283 1689 440 1752 quae
498 1672 884 1735 interierunt
939 1672 1106 1755 apud
1153 1671 1535 1755 Charisium,
1582 1673 1830 1736 litterae
1887 1671 2174 1735 definitio
2232 1672 2467 1754 scripta
2512 1671 2633 1735 fuit

282 1777 390 1839 ita:
451 1772 730 1841 ‘Littera
785 1786 881 1842 est
926 1781 1314 1844 elementum
1370 1781 1550 1844 uocis
1611 1780 1995 1844 articulatae.
2086 1778 2491 1842 Elementum
2538 1783 2634 1842 est

283 1885 786 1966 uniuscuiusque
846 1886 941 1949 rei
1001 1887 1289 1968 initium,
1351 1908 1388 1950 a
1436 1907 1560 1970 quo
1624 1887 1898 1950 sumitur
1941 1887 2408 1948 incrementum
2455 1890 2518 1948 et
2561 1886 2632 1947 in

291 1991 448 2071 quod
517 1992 880 2055 resoluitur.
1011 1994 1336 2058 Accidunt
1399 1995 1751 2076 unicuique
1814 1992 2061 2055 litterae
2126 2010 2363 2054 nomen
2426 1991 2633 2074 figura

292 2102 556 2178 potestas
569 2092 605 2163 ².
700 2097 875 2174 Quae
922 2107 1280 2183 sequuntur
1326 2101 1404 2163 de
1450 2100 1697 2178 11119119,
1745 2105 1807 2164 91
1853 2121 1890 2162 a
1936 2097 2219 2161 Charisio
2268 2104 2329 2162 et
2375 2120 2411 2161 a
2446 2098 2631 2162 Dosi-

301 2202 425 2266 theo
473 2206 678 2269 simili
738 2207 928 2270 modo
989 2206 1412 2290 proferuntur.
1518 2207 1697 2271 Inter
1757 2212 2101 2288 utrumque
2150 2225 2224 2269 ea
2261 2206 2394 2269 sola
2456 2205 2630 2270 diffe-

304 2313 481 2375 rentia
521 2318 636 2393 est,
688 2312 858 2394 quod
895 2312 1084 2377 modo
1122 2314 1227 2377 hic
1257 2314 1455 2378 ‘modo
1491 2316 1605 2379 ille
1644 2315 2013 2398 diligentius
2051 2313 2193 2375 uice
2231 2331 2414 2376 uersa
2456 2313 2631 2378 fonte

298 2417 594 2483 exhausto
649 2419 833 2503 plura
886 2422 1124 2504 recepit
1168 2422 1283 2504 ita,
1344 2427 1417 2485 ut
1478 2441 1652 2485 nunc
1701 2420 2022 2484 Charisius
2068 2439 2243 2483 nunc
2288 2419 2632 2486 Dositheus

292 2525 633 2607 pleniorem
707 2527 1059 2591 doctrinam
1122 2529 1446 2612 praebeat3
1525 2534 1811 2593 ceterum
1885 2528 2082 2592 uerbo
2159 2532 2346 2592 tenus
2410 2529 2633 2593 eadem

290 2639 615 2717 praecepta-
653 2635 975 2698 exhibent.
1051 2634 1227 2711 Quae
1264 2637 1509 2719 plenior
1547 2619 1854 2717 doctrina,
1895 2636 2199 2719 quoniam
2237 2636 2429 2698 etiam
2466 2636 2632 2720 apud

290 2734 663 2805 Diomedem
707 2742 740 2804 I
785 2762 842 2824 p.
891 2744 1020 2805 422
1069 2762 1155 2823 sq.
1205 2743 1506 2822 occurrit,
1563 2764 1601 2804 a
1645 2748 1870 2807 neutro
1917 2744 2181 2805 inuenta
2227 2761 2364 2805 9999
2408 2747 2631 2825 potest.

198 2935 201 2940 Ι
290 2842 468 2911 Unde
519 2848 713 2910 simul
769 2849 1102 2913 euidenter
1148 2849 1615 2912 demonstratur
1669 2868 1790 2913 nec
1834 2848 2216 2913 Dositheum
2262 2869 2300 2910 a
2346 2847 2631 2914 Charisio

289 2970 401 3015 nec
437 2953 795 3018 Charisium
834 2976 872 3018 a
906 2954 1211 3018 Dositheo
1249 2956 1546 3038 pendere.
1628 2957 1739 3038 Ea,
1787 2977 1825 3019 a
1872 2956 2103 3039 quibus
2144 2954 2416 3019 Charisii
2462 2976 2634 3020 com-

291 3063 633 3126 mentarius
690 3064 932 3146 incipit,
989 3063 1071 3125 ad
1115 3061 1407 3126 Dosithei
1466 3063 1818 3126 doctrinam
1866 3083 2054 3145 supra
2097 3067 2454 3146 promptam
2502 3070 2635 3127 arte

290 3184 354 3229 se
398 3169 731 3253 applicant.
822 3169 1043 3253 Pergit
1098 3171 1272 3233 enim
1328 3176 1598 3253 uterque
1652 3170 2104 3253 grammaticus
2162 3169 2413 3231 docere:
2469 3161 2567 3232 ‘N
2568 3190 2633 3232 o-

294 3290 431 3336 men
480 3281 577 3339 est
623 3294 749 3359 quo
797 3277 1161 3360 appellatur,
1206 3276 1411 3360 figura
1458 3297 1585 3359 qua
1638 3282 1911 3358 notatur,
1956 3281 2232 3361 potestas
2286 3296 2410 3355 qua
2444 3276 2631 3340 ualet.

292 3375 668 3445 Litterarum
724 3384 884 3447 aliae
939 3387 1090 3446 sunt
1149 3383 1423 3465 uocales,
1481 3384 1641 3446 aliae
1698 3389 2116 3447 consonantes
2164 3434 2177 3447 .
2226 3432 2239 3445 .
2288 3376 2337 3447 ‚³
2427 3382 2632 3459 Quem

292 3475 400 3549 ‘de
426 3482 682 3553 litteris'
730 3490 1258 3553 commentarium
1289 3489 1368 3552 ab
1397 3509 1528 3553 uno
1568 3489 1921 3572 eodemque
1958 3497 2167 3554 ortum
2205 3508 2340 3554 esse
2378 3496 2634 3553 auctore

297 3609 438 3656 cum
466 3614 500 3658 e
535 3595 891 3660 disserendi
925 3598 1034 3659 uia
1062 3601 1198 3659 tum
1234 3595 1388 3659 inde
1417 3596 1641 3677 elucet,
1674 3598 1845 3679 quod
1882 3603 2153 3681 uterque
2182 3597 2633 3682 grammaticus

298 3696 639 3766 doctrinam
685 3703 884 3766 uerbo
934 3709 1122 3766 tenus
1170 3704 1434 3766 eandem
1481 3703 1778 3767 reddidit.
1999 3737 2002 3740 ·

468 3807 667 3892 Caput
709 3809 822 3890 IV⁷
880 3810 1050 3892 quod
1096 3831 1154 3892 p.
1207 3812 1306 3891 11,
1330 3811 1565 3891 8—-13,
1591 3813 1672 3873 15
1716 3803 1833 3875 ‘de
1879 3804 2173 3892 syllabis*
2221 3811 2430 3892 refert,
2480 3811 2635 3875 duas

298 3914 624 3990 particulas
671 3916 1098 3999 amplectitur:
1159 3936 1217 3999 p.
1270 3918 1723 3999 11,8—12,3
1775 3922 1837 3981 et
1881 3939 1939 4001 p.
1993 3920 2487 3999 12,4-13,15
2535 3918 2636 3981 his

300 4017 504 4083 uerbis
542 4023 860 4087 disiectas:
910 4016 1101 4086 ‘Aliis
1146 4024 1231 4086 ita
1274 4023 1351 4086 de
1389 4024 1636 4105 syllaba
1670 4024 1908 4107 placuit
1946 4024 2212 4087 definire
2226 4017 2261 4086 ³.
2346 4023 2635 4088 Priorem

303 4138 487 4203 quam
543 4130 727 4211 posui
776 4135 1021 4213 partem
1065 4128 1408 4194 Dositheus
1467 4152 1525 4213 p.
1575 4133 1723 4213 386,
1756 4134 1793 4194 8
1818 4168 1900 4176 —
1924 4133 2072 4212 347,
2104 4133 2141 4193 8
2206 4130 2399 4193 uerbo
2447 4136 2635 4194 tenus

303 4229 640 4317 eodemque
689 4237 910 4300 ordine
959 4237 1298 4317 deriuauit3
1362 4258 1486 4321 quo
1535 4238 1833 4319 efficitur,
1879 4243 1952 4300 ut
1999 4237 2076 4299 ab
2126 4238 2375 4317 eodem,
2423 4256 2461 4298 a
2507 4256 2633 4319 quo

304 4342 482 4416 eaput
525 4338 647 4424 HI,
695 4349 948 4409 auctore
995 4350 1246 4429 sumpta
1292 4346 1400 4425 sit3
1457 4346 1695 4409 mirum
1743 4345 1915 4407 enim
1963 4350 2127 4409 esset
2171 4344 2634 4428 grammaticOS,
