3197 4992
1250 342 1511 403 -75
1608 378 1690 385 --

896 517 972 584 D.
1055 526 1156 579 De
1202 524 1381 580 libro
1431 523 1718 579 Charisii
1765 527 2032 591 quarto.

462 642 541 705 In
587 643 750 705 libro
798 642 912 724 IV,
976 644 1087 725 qui
1142 642 1421 706 breuiter
1468 644 1544 705 de
1589 643 1767 705 uitiis
1815 648 1876 705 et
1931 643 2284 705 uirtutibus
2333 643 2638 705 orationis

286 749 500 832 refert,
566 749 891 813 Charisius
946 748 1355 813 Palaemonis
1421 754 1623 812 artem
1686 769 1826 812 meo
1887 750 2146 832 quidem
2209 748 2451 812 iudicio
2510 768 2638 811 non

285 855 453 919 adiit.
544 855 775 940 Neque
823 858 996 920 enim
1042 856 1249 919 ullum
1293 855 1426 918 fere
1474 857 1808 919 inuenitur
1855 856 2193 938 indicium,
2244 875 2370 938 quo
2419 855 2636 919 Palae-

282 964 481 1026 monis
520 969 632 1026 aut
672 964 862 1027 dictio
904 970 1013 1027 aut
1052 962 1338 1025 doctrina
1373 961 1720 1045 detegatur.
1782 961 2021 1026 Graeca
2057 962 2280 1046 lingua
2316 983 2636 1046 nusquam

282 1071 527 1133 conlata
590 1075 710 1152 est,
766 1071 834 1133 id
891 1070 1064 1153 quod
1119 1071 1185 1131 in
1240 1069 1359 1131 hac
1408 1069 1736 1133 doctrinae
1777 1075 1959 1152 'parte
2004 1088 2265 1134 necesse
2310 1070 2442 1133 fere
2488 1070 2629 1134 fuit.

283 1174 631 1259 Scriptores
698 1179 819 1241 etsi
883 1179 1088 1241 eidem
1151 1176 1284 1240 fere
1348 1175 1618 1238 adhibiti
1682 1183 1862 1252 sunt,
1939 1196 2097 1259 quos
2164 1183 2225 1239 et
2289 1176 2635 1241 Palaemon

280 1282 592 1364 praeferre
631 1284 858 1347 solitus
896 1288 1007 1361 est,
1054 1289 1266 1346 tamen
1308 1301 1381 1345 eo
1421 1288 1798 1365 argumento
1837 1284 1970 1346 solo
2011 1284 2208 1345 nixus
2245 1285 2441 1347 huius
2479 1284 2631 1346 libri

280 1388 628 1453 doctrinam
674 1411 788 1474 pro
838 1389 1330 1453 Palaemoniana
1368 1408 1500 1451 non
1549 1389 1965 1475 uendiderim.
2044 1390 2533 1454 Schottmueller
2578 1393 2632 1454 is

280 1496 537 1577 quidem
585 1517 641 1579 p.
689 1501 769 1560 14
824 1499 1087 1560 alteram
1133 1503 1380 1579 partem
1429 1495 1826 1577 CominianO,
1881 1498 2144 1560 alteram
2189 1496 2476 1560 Romano
2525 1497 2632 1560 ad-

279 1602 458 1664 dixit.
553 1602 753 1666 Cuius
818 1604 1199 1666 sententiam
1266 1603 1653 1683 examinare,
1723 1605 1872 1685 quia
1930 1604 2034 1666 hic
2096 1603 2173 1667 de
2232 1603 2632 1668 Palaemonis

277 1708 568 1773 doctrina
627 1712 915 1792 quaestio
971 1714 1101 1772 no'n
1161 1716 1278 1786 est,
1348 1730 1384 1771 a
1439 1729 1581 1773 mea
1641 1711 2066 1793 disputatione
2123 1712 2401 1774 alienum
2450 1710 2633 1772 duco.

277 1815 505 1895 Itaque
553 1818 767 1880 statim
816 1817 898 1879 ad
942 1816 1089 1879 libri
1139 1817 1199 1878 V
1248 1816 1600 1880 doctrinam
1649 1817 1924 1879 transire
1970 1817 2125 1879 mihi
2174 1818 2373 1880 liceat.

892 2207 963 2271 E.
1046 2214 1147 2268 De
1194 2213 1371 2268 libro
1422 2213 1712 2269 Charisii
1758 2214 2020 2280 quinto.

459 2330 583 2407 Qui
645 2333 809 2395 liber
870 2353 928 2415 p.
989 2334 1148 2413 291,
1201 2334 1511 2413 1-296,
1564 2335 1645 2395 18
1710 2334 1776 2394 in
1845 2333 2259 2395 idiomatibus
2323 2338 2635 2395 uersatur.

277 2436 459 2514 Quae
514 2459 572 2523 p.
623 2441 772 2521 291,
815 2441 1101 2520 1-292,
1146 2442 1225 2502 15
1285 2443 1564 2521 exstant,
1628 2460 1665 2502 a
1712 2437 2234 2503 Schottmuellero
2283 2459 2341 2523 p.
2388 2441 2467 2503 10
2516 2438 2636 2502 Pa-

274 2546 549 2608 laemoni
598 2545 915 2629 adscripta
969 2552 1151 2625 sunt;
1219 2548 1403 2609 cuius
1461 2548 1819 2609 sententiae
1876 2549 2029 2629 quin
2092 2548 2416 2627 accedam,
2476 2547 2637 2608 nihil

276 2659 388 2716 est.
482 2652 728 2716 Verum
800 2654 990 2716 etiam
1057 2655 1170 2735 qui
1235 2655 1528 2736 sequitur
1592 2655 2091 2716 commentarius
2157 2674 2192 2715 a
2251 2653 2638 2717 Palaemone

275 2759 596 2842 profectus
653 2766 762 2823 est.
855 2759 960 2821 Ab
1006 2761 1189 2823 initio
1249 2761 1422 2822 enim
1482 2762 1936 2843 grammaticus
2002 2762 2276 2823 aliorum
2335 2761 2412 2823 de
2477 2760 2637 2821 idio-

278 2866 557 2929 matibus
606 2868 989 2930 sententiam
1038 2872 1340 2948 tangens:
1387 2859 1620 2947 ‘Aliis',
1668 2868 1905 2948 inquit,
1949 2859 2168 2930 ‘etiam
2213 2869 2301 2930 ita
2348 2868 2426 2930 de
2472 2867 2637 2929 idio-

276 2974 559 3036 matibus
606 2973 846 3056 placuit
884 2967 1187 3035 definire'.
1256 2971 1382 3035 Sed
1422 2978 1518 3035 est
1560 2975 1776 3055 potius
1821 2975 2026 3056 ipsius
2073 2976 2403 3054 sententia,
2445 2995 2635 3056 quam

279 3079 568 3141 aliorum.
662 3077 864 3142 Docet
911 3081 1107 3160 enim,
1168 3086 1485 3161 quatenus
1530 3081 1597 3141 in
1643 3077 1869 3142 Latina
1915 3082 2161 3163 lingua,
2212 3100 2376 3163 quae
2425 3101 2460 3143 a
2509 3100 2637 3143 ser-

277 3204 465 3248 mone
526 3184 768 3248 Graeco
832 3188 1022 3268 plane
1082 3186 1362 3269 pendere
1426 3187 1749 3267 uideatur,
1817 3192 2038 3250 contra
2099 3187 2632 3250 consuetudinem

279 3290 668 3355 Graecorum
724 3294 1025 3355 idiomata
1082 3294 1236 3355 oriri
1290 3295 1553 3375 possint.
1651 3292 1790 3368 Quo
1845 3294 2011 3355 facto
2060 3295 2271 3356 statim
2318 3294 2398 3355 ad
2446 3314 2632 3356 suam

279 3397 628 3462 doctrinam
687 3401 1045 3462 reuertitur.
1139 3398 1200 3461 Ν
1203 3400 1502 3462 onnullas
1557 3406 1767 3462 autem
1823 3401 2078 3482 regulas
2135 3400 2453 3482 siquidem
2501 3420 2632 3463 non

280 3505 360 3567 ad
420 3506 720 3586 uerbum,
785 3514 999 3568 tamen
1062 3507 1142 3568 ad
1199 3508 1577 3569 sententiam
1638 3508 1834 3569 simili
1889 3508 2077 3569 modo
2126 3527 2160 3571 e
2205 3509 2415 3589 priore
2464 3527 2634 3569 com-

280 3614 590 3675 mentario
637 3614 880 3695 repetit.
977 3611 1193 3676 Oratio
1244 3613 1473 3676 deinde
1521 3614 1819 3696 expedita
1867 3634 1941 3677 ac
1985 3615 2304 3697 perfacilis
2346 3614 2632 3697 profluit3

280 3718 500 3800 regula
543 3719 835 3801 regulam
884 3721 1135 3802 excipit.
1229 3718 1365 3782 Iam
1415 3720 1567 3783 inde
1616 3740 1652 3782 a
1697 3741 1752 3802 p.
1794 3723 1943 3802 293,
1986 3723 2023 3784 8
2072 3741 2279 3804 usque
2326 3722 2404 3783 ad
2443 3721 2634 3784 finem

280 3823 426 3887 libri
472 3825 876 3910 singulorum
924 3826 1298 3890 idiomatum
1345 3828 1586 3910 species
1627 3845 1892 3889 casuum
1932 3829 2155 3891 ordine
2196 3829 2633 3910 explanantur.

282 3929 446 3994 Sunt
492 3934 683 3995 etiam
728 3933 1005 4015 regulae,
1057 3953 1220 4016 quae
1265 3935 1394 3995 iam
1445 3934 1585 3996 aliis
1632 3934 1788 3996 locis
1836 3934 2250 3996 adumbratae
2298 3937 2441 3999 sint.
2516 3933 2629 3997 Di-

284 4038 466 4099 cendi
517 4038 794 4120 denique
840 4059 1044 4122 genus
1082 4039 1488 4103 Palaemonis
1529 4046 1639 4121 est,
1687 4041 1753 4102 id
1794 4040 1963 4122 quod
2005 4041 2117 4121 qui
2156 4040 2345 4102 altius
2383 4042 2451 4102 in
2491 4042 2629 4103 eius

283 4141 634 4207 doctrinam
684 4145 1109 4226 descenderit,
1153 4147 1341 4210 facile
1386 4149 1802 4230 perspexerit.

456 4252 557 4314 Ac
593 4271 769 4314 nunc
817 4252 1077 4334 quidem
1117 4252 1515 4316 Charisianas
1560 4254 2119 4335 grammaticarum
2157 4271 2374 4314 rerum
2414 4254 2628 4335 copias

283 4356 621 4421 relicturus
668 4378 897 4442 magno
947 4379 1132 4442 opere
1181 4360 1380 4440 dole0,
1430 4360 1600 4441 quod
1646 4358 2020 4422 Remmiana
2069 4359 2356 4421 doctrina
2394 4359 2472 4420 ab
2513 4360 2623 4422 illo
