3197 4992
1202 316 1734 401 Χ-11--

324 513 706 576 communia.
789 511 853 576 N
855 532 928 576 ec
964 515 1177 577 statim
1227 513 1601 598 diligentem
1629 533 1788 578 eum
1819 514 2085 598 putabo,
2133 517 2247 600 qui
2287 517 2679 600 promiscua,

324 638 492 702 quae
549 613 847 701 ἐπίκοινα
907 619 1237 701 dicuntur,
1298 620 1675 703 ostenderit,
1732 623 1801 683 in
1860 621 2096 704 quibus
2152 641 2347 686 sexus
2397 629 2676 707 uterque

323 745 442 810 per
505 726 777 790 alterum
842 731 1104 810 apparet
1168 732 1277 789 aut
1344 746 1507 808 quae
1571 728 1882 792 feminina
1937 729 2250 811 positione
2310 747 2518 792 mares
2568 733 2680 791 aut

325 833 601 896 neutrali
658 831 999 896 feminiuas
1063 832 1567 916 significant...
1676 833 1954 911 Quaeret
2017 836 2231 916 etiam,
2296 836 2461 898 sitne
2508 834 2680 918 apud

329 938 603 1002 Graecos
649 940 752 1002 uis
792 939 1107 1022 quaedam
1155 941 1324 1003 sexti
1363 959 1570 1022 casuS,
1618 945 1681 1004 et
1716 942 1887 1025 apud
1926 961 2045 1006 nos
2086 938 2344 1025 quoque
2382 935 2680 1025 septimi.³

505 1044 744 1109 Charis
784 1067 842 1130 p.
886 1048 1128 1125 17,10:
1174 1039 1459 1111 ‘Genera
1495 1050 1835 1111 nominum
1872 1054 2030 1112 sunt
2074 1050 2197 1112 tria
2244 1049 2368 1129 uel,
2415 1053 2489 1111 ut
2537 1049 2680 1130 qui-

322 1153 600 1217 busdam
646 1154 873 1237 placet,
921 1155 1239 1238 quinque:
1300 1156 1733 1219 masculinum
1778 1160 1852 1219 ut
1898 1156 2002 1219 hic
2050 1154 2230 1237 cato,
2275 1155 2681 1236 femininum,

324 1265 399 1324 ut
451 1260 608 1324 haec
651 1259 867 1342 Musa,
930 1266 1261 1342 neutrum,
1324 1266 1400 1324 ut
1443 1262 1564 1325 hoc
1629 1263 1955 1345 templum.
2048 1262 2165 1327 Est
2230 1268 2292 1326 et
2339 1280 2681 1326 commune

325 1372 439 1431 aut
485 1365 742 1431 duobus
795 1367 1166 1450 generibus,
1225 1373 1299 1432 ut
1343 1368 1450 1431 hic
1496 1372 1559 1432 et
1603 1368 1761 1433 haec
1808 1371 2003 1450 caniS,
2074 1375 2187 1433 aut
2232 1369 2439 1433 tribus
2486 1388 2679 1453 gene-

325 1473 539 1550 ribus„
595 1478 670 1537 ut
724 1473 830 1537 hic
877 1480 941 1537 et
994 1475 1149 1538 haec
1195 1481 1258 1539 et
1314 1477 1435 1539 hoc
1480 1475 1655 1538 felix.
1748 1475 2049 1540 Adicitur
2107 1477 2409 1559 quintum
2454 1495 2682 1559 genuS,

333 1580 508 1662 quod
563 1579 802 1644 Graece
857 1575 1192 1643 ἐπίκοινον
1251 1583 1516 1663 dicitur,
1573 1581 1797 1646 Latine
1856 1583 2327 1666 promiscuum,
2387 1587 2461 1645 ut
2523 1583 2681 1645 haec

332 1688 606 1750 mustela
653 1674 896 1771 aquila.
991 1687 1156 1752 Nam
1203 1690 1322 1753 etsi
1376 1708 1511 1752 mas
1558 1691 1642 1752 sit
1701 1690 1975 1775 mustela
2021 1690 2127 1753 uel
2174 1690 2419 1773 aquila,
2467 1694 2682 1752 tamen

330 1793 635 1859 feminino
698 1814 931 1878 genere
986 1800 1238 1858 tantum
1305 1797 1558 1862 dicitur.
1662 1796 1830 1860 Item
1893 1796 2000 1860 hic
2064 1815 2307 1880 passer,
2376 1798 2675 1879 quamuis

327 1903 684 1966 masculino
740 1921 976 1986 genere
1034 1903 1419 1986 proferatur,
1476 1909 1692 1967 tamen
1758 1905 1951 1967 etiam
2015 1904 2406 1967 femininum
2469 1921 2681 1987 genus

327 2001 686 2092 significat'
735 2045 818 2054 —
866 2008 1113 2071 Eadem
1157 2008 1286 2073 fere
1333 2009 1623 2074 doctrina
1670 2011 1839 2093 apud
1880 2016 2322 2094 excerptorem
2366 2030 2425 2092 p.
2466 2012 2614 2090 534,
2639 2011 2679 2071 2

326 2117 683 2198 inuenitur,
746 2116 860 2198 qui
911 2117 980 2178 in
1028 2116 1143 2198 eis,
1193 2136 1358 2199 quae
1404 2122 1784 2200 sequuntur,
1832 2117 2258 2181 differentiam
2305 2115 2573 2179 ablatiui
2624 2124 2685 2178 et

332 2223 583 2306 septimi
631 2241 818 2286 casus
866 2222 1198 2305 explanat3
1251 2243 1443 2306 quam
1490 2223 1889 2306 significasse
1936 2225 2087 2286 satis
2135 2229 2244 2289 est.
2316 2233 2320 2237 “

511 2328 727 2406 Quint.
785 2329 843 2412 I,
901 2333 968 2408 5,
1000 2333 1111 2393 59:
1179 2323 1301 2392 ‘Ac
1365 2331 1420 2393 si
1483 2331 1764 2414 reperias
1828 2329 2319 2414 grammaticum
2383 2334 2679 2393 ueterum

333 2441 706 2519 amatorem,
761 2442 953 2521 neget
1010 2436 1362 2520 quidquam
1419 2455 1501 2500 ex
1560 2436 1758 2500 latina
1814 2437 2061 2501 ratione
2116 2437 2499 2501 mutandum
2561 2486 2575 2501 .
2605 2487 2619 2502 .
2652 2488 2665 2502 .

333 2544 492 2626 quin
567 2545 757 2608 etiam
794 2544 1039 2612 ‚laudet
1100 2545 1411 2609 uirtutem
1479 2563 1726 2627 eorum,
1808 2545 1920 2627 qui
1982 2545 2402 2628 potentiorem
2474 2545 2680 2608 facere

327 2639 618 2731 linguam
662 2652 932 2715 latinam
979 2651 1322 2715 studebant
1376 2670 1494 2714 nec
1540 2652 1765 2715 alienis
1813 2669 1998 2736 egere
2044 2652 2352 2714 institutis
2397 2651 2680 2714 fateban—

329 2762 466 2821 tur:
531 2759 682 2823 inde
743 2752 1135 2823 ‘Castorem'
1200 2757 1413 2823 media
1475 2757 1724 2837 syllaba
1786 2757 2096 2842 producta
2159 2760 2677 2841 pronuntiarunt,

333 2866 488 2947 quia
532 2865 654 2929 hoc
700 2866 1000 2929 omnibus
1047 2866 1284 2928 nostris
1330 2864 1703 2929 nominibus
1750 2865 2106 2948 accidebat,
2155 2885 2433 2948 quorum
2476 2866 2682 2949 prima

329 2973 563 3056 positio
617 2975 684 3035 in
740 2972 993 3037 easdem
1050 2992 1208 3054 quas
1251 2964 1540 3035 ‘Castor'
1585 2973 1826 3036 litteras
1884 2974 2044 3054 exit,
2092 2978 2154 3036 et
2198 2978 2272 3036 ut
2316 2965 2682 3036 ‘Palaemo'

332 3099 409 3142 ac
451 3070 772 3144 ‘Telamo'
829 3085 891 3143 et
946 3072 1193 3143 ‘Plato'
1254 3080 1619 3142 dicerentur
1681 3079 2111 3159 retinuerunt,
2178 3080 2332 3161 quia
2390 3080 2683 3160 latinum,

337 3185 513 3268 quod
561 3206 597 3249 o
645 3191 707 3250 et
753 3207 798 3250 n
843 3186 1073 3250 litteris
1118 3186 1442 3267 finiretur,
1487 3204 1619 3247 non
1666 3178 2125 3269 reperiebant'3
2178 3191 2240 3248 et
2287 3187 2403 3249 63:
2452 3179 2471 3202 ‘
2491 3184 2682 3249 Nunc

331 3294 719 3357 recentiores
764 3293 1179 3357 instituerunt
1213 3294 1461 3377 graecis
1506 3291 1879 3355 nominibus
1925 3310 2187 3374 graecas
2229 3291 2683 3353 declinationes

330 3400 546 3482 potius
593 3398 763 3474 dare,
813 3399 987 3482 quod
1031 3404 1245 3463 tamen
1291 3402 1505 3484 ipsum
1552 3417 1684 3461 non
1730 3416 1977 3482 semper
2011 3397 2152 3461 fieri
2199 3401 2419 3480 potest.
2521 3395 2685 3458 Mihi

333 3511 548 3569 autem
594 3507 805 3589 placet
848 3509 1156 3571 rationem
1195 3508 1461 3571 latinam
1507 3508 1710 3590 sequi,
1760 3524 2098 3589 quousque
2136 3506 2380 3589 patitur
2426 3497 2681 3583 decor’;

333 3617 398 3675 et
444 3615 556 3676 64:
606 3606 716 3675 ‘In
765 3615 1018 3695 ceteriS,
1080 3633 1244 3697 quae
1288 3618 1592 3698 poterunt
1651 3619 1924 3696 utroque
1972 3612 2162 3676 modo
2206 3630 2340 3675 non
2386 3610 2685 3673 indecen-

331 3724 434 3782 ter
479 3718 713 3801 efferri,
775 3722 887 3804 qui
942 3739 1238 3804 graecam
1293 3719 1570 3803 figuram
1617 3722 1800 3803 sequi
1845 3720 2065 3800 malet,
2119 3738 2253 3782 non
2299 3719 2495 3782 latine
2544 3719 2685 3800 qui·

335 3826 502 3908 dem,
549 3826 660 3890 sed
706 3832 919 3891 tamen
968 3829 1126 3890 citra
1169 3828 1731 3911 reprehensionem
1776 3819 2122 3909 loquetur'.

516 3932 751 3999 Charis,
798 3955 857 4018 p.
908 3936 1011 4016 85,
1032 3936 1145 3998 23:
1189 3926 1455 3997 ‘Omnia
1500 3936 1790 4016 nomina,
1849 3952 2011 4016 quae
2058 3953 2130 3996 or
2176 3932 2422 4013 syllaba
2467 3934 2688 3995 termi-

336 4046 576 4104 nantur
619 4043 995 4123 genetiuum
1054 4041 1302 4103 faciunt
1347 4059 1460 4123 per
1516 4042 1597 4117 is,
1671 4045 1732 4102 et
1777 4039 2098 4123 siquidem
2153 4040 2507 4102 masculina
2572 4058 2686 4102 seu

334 4148 644 4212 feminina
688 4146 916 4211 Latina
958 4147 1215 4228 fuerint,
1261 4149 1564 4230 genetiuo
1615 4144 2190 4209 circumducuntur
2236 4150 2297 4208 et
2342 4165 2457 4227 per
2503 4163 2539 4206 o
2585 4144 2688 4206 lit-

336 4261 538 4319 teram
594 4254 972 4338 productam
1024 4254 1435 4338 proferuntur
1494 4253 1678 4316 uelut
1732 4256 1989 4334 praetor
2050 4252 2356 4333 praetoris
2406 4300 2418 4312 .
2460 4298 2473 4312 .
2515 4299 2527 4312 .
2574 4267 2686 4312 ex·

340 4362 538 4444 ceptis
584 4362 711 4443 his,
760 4380 923 4444 quae
969 4381 1099 4424 non
1146 4361 1618 4443 producuntur,
1675 4358 1784 4422 sed
1834 4359 2279 4440 corripiuntur,
2331 4355 2506 4418 uelut
2554 4374 2686 4418 me-
