3197 4992
1319 337 1759 396 -17-..

312 528 465 597 'per
527 511 773 576 riuulos
830 511 1141 594 quosdam
1205 510 1545 575 deductam
1611 530 1694 574 ex
1760 510 1903 573 aliis
1971 509 2257 573 fontibus
2319 511 2701 589 hausissent,

354 618 514 703 quid
578 637 798 682 eorum
863 639 990 681 non
1056 622 1292 682 uocant
1354 621 1670 698 auctores,
1745 616 1858 680 sed
1925 615 2376 681 Palaemonem
2447 617 2700 699 ipsum}>

344 724 695 789 ‚Praeterea
742 725 996 789 diuersa
1042 744 1530 806 nonnumquam
1565 728 1899 806 praecepta
1938 742 2013 786 ac
2045 725 2336 806 pleniora
2374 723 2703 804 exhibent,

352 851 390 895 e
437 831 672 914 quibus
717 830 1121 895 Palaemonis
1177 837 1376 893 artem
1431 829 1508 892 ab
1557 830 1651 893 eis
1696 831 1902 913 ipsam
1961 830 2252 894 uo'lutam
2298 849 2434 894 esse
2483 831 2699 893 enitet.

353 938 760 1003 Palaemonis
797 940 1104 1002 nimirum
1143 958 1244 1001 ars
1283 939 1476 1001 etiam
1513 943 1651 1000 tum
1688 941 1960 1000 aetatem
1988 937 2153 1002 tulit.
2221 935 2407 1017 Quid,
2449 954 2703 1018 quaeso,

351 1046 646 1129 impedit,
711 1064 793 1108 ne
855 1046 1112 1128 quando
1180 1066 1217 1107 a
1274 1043 1536 1108 Sidonio
1596 1043 1973 1126 Apollinare
2032 1041 2437 1108 Palaemonis
2502 1043 2705 1106 nostri

354 1154 592 1216 mentio
640 1152 808 1215 facta
854 1153 978 1215 sit?

534 1259 675 1323 Iam
729 1278 804 1322 ea
850 1257 1357 1322 Schottmuelleri
1416 1258 1757 1338 sententia,
1816 1279 1943 1340 qua
1988 1258 2440 1322 Palaemonem
2493 1257 2703 1319 rheto-

351 1389 490 1433 rem
551 1386 624 1429 ac
685 1367 1171 1448 grammaticum
1233 1367 1302 1427 in
1364 1363 1571 1426 Gallia
1637 1366 2030 1448 transalpina
2095 1370 2294 1427 artem
2351 1362 2708 1447 professum

354 1493 495 1539 esse
550 1473 825 1553 censuit,
880 1471 1410 1535 luculentissimis
1469 1473 1759 1535 omnium
1823 1473 1994 1535 haud
2050 1474 2181 1536 scio
2246 1491 2327 1534 an
2385 1470 2711 1533 refellatur

357 1581 766 1664 argumentis,
894 1577 1062 1642 Nam
1126 1577 1576 1641 Charisianum
1644 1577 2094 1642 Palaemonem
2156 1578 2395 1642 Romae
2458 1579 2707 1641 uixisse

361 1688 579 1770 ibique
625 1691 825 1748 artem
882 1685 1173 1749 docuisse
1220 1686 1700 1768 grammaticam
1745 1687 2309 1768 praestantissimis
2367 1685 2709 1748 documen-

365 1794 447 1856 tis
511 1791 933 1855 confirmatur.
1038 1788 1312 1855 Etenim
1359 1790 1734 1854 Palaemoni
1798 1798 2043 1873 nostro,
2120 1812 2268 1855 cum
2329 1812 2459 1855 non
2523 1811 2709 1854 num-

361 1919 554 1982 quam
628 1917 843 1981 opera,
920 1899 1119 1979 locos,
1190 1898 1318 1960 alia
1379 1897 1621 1961 Romae
1691 1901 1899 1982 posita
1973 1898 2412 1979 celebrauerit,
2486 1897 2712 1961 urbem

355 2007 795 2091 percognitam
838 2004 1038 2069 fuisse
1093 2006 1502 2070 manifestum
1557 2013 1668 2070 est.
1772 2004 2183 2070 Conferamus
2242 2005 2520 2088 exempli
2566 2024 2710 2086 gra-

358 2115 451 2175 tia
504 2132 740 2195 pauca:
806 2104 985 2192 ‘fori,
1051 2112 1192 2176 loca
1249 2107 1791 2197 spectaculorum‘
1837 2112 1870 2174 I
1914 2133 1970 2195 p.
2023 2115 2269 2194 32,19;
2328 2106 2710 2194 ‘Esquiliae,

357 2216 562 2290 τόπος
608 2213 678 2280 ἐν
717 2211 967 2304 “Ρώμῃ’,
1019 2221 1256 2299 33,10;
1314 2213 1507 2283 chaec
1559 2218 1827 2301 palaria,
1894 2237 2042 2282 cum
2095 2220 2333 2283 milites
2397 2217 2477 2281 ad
2531 2216 2709 2300 palos
2754 2252 2757 2254 ψ

358 2318 790 2405 exercentur',
848 2328 1042 2406 34,4;
1104 2319 1290 2389 chaec
1336 2324 1702 2388 Parentalia
1749 2324 1861 2387 ubi
1917 2344 2051 2406 eos,
2112 2328 2224 2408 qui
2269 2343 2531 2409 peregre
2575 2344 2709 2386 mo-

358 2435 638 2514 riuntur,
689 2426 956 2515 colunt',
1007 2435 1201 2515 34,5;
1247 2425 1435 2495 chaec
1479 2437 1701 2513 rostra,
1748 2432 1928 2494 locus
1974 2434 2044 2494 in
2082 2432 2259 2512 urbe,
2306 2431 2420 2494 ubi
2469 2432 2712 2493 contio-

360 2533 649 2620 nantur',
672 2542 775 2620 34,
799 2542 873 2621 65
909 2532 1182 2622 ε11110101,
1220 2539 1398 2603 locus
1435 2540 1549 2603 ubi
1588 2546 1953 2603 cremantur
1979 2545 2376 2603 mortuorum
2406 2533 2715 2622 corpora’,

362 2649 607 2728 38,19;
655 2639 892 2727 ‘lucar,
940 2642 1290 2729 θεατρικὸν
1329 2640 1672 2730 ἅργύριον’,
1722 2650 1824 2729 38,
1856 2650 1974 2725 203·
2022 2642 2210 2711 ‘haec
2254 2646 2597 2727 battualia,
2646 2644 2715 2707 αἱ

362 2757 710 2833 γυμνασίαι
775 2757 902 2815 τῶν
963 2747 1397 2835 μονομάχων’,
1446 2754 1504 2836 Ι,
1553 2757 1702 2836 549,
1734 2757 1846 2833 35;
1913 2748 2343 2834 Terminalia,
2410 2746 2716 2836 ὁροθέσια

365 2848 463 2930 οἷς
504 2865 793 2938 Ρωμαῖοι
829 2856 1103 2924 θύουσιν
1139 2866 1421 2944 tempora
1456 2855 1803 2945 xqo‘wgpa’,
1843 2864 2115 2942 55Ο,15.
2157 2899 2239 2905 --
2284 2857 2462 2934 Quae
2501 2880 2716 2924 exem-

364 2969 475 3053 pla
513 2973 577 3032 et
612 2967 690 3030 ab
730 2973 1117 3051 excerptore,
1167 2969 1278 3051 qui
1323 2974 1594 3031 uocatur
1639 2968 1944 3032 Bobiensi
1984 2973 2236 3031 seruata
2274 2975 2436 3031 sunt.
2512 2970 2717 3053 Adde,

370 3093 538 3158 quae
582 3094 640 3157 p.
690 3075 794 3155 93,
815 3076 898 3138 29
962 3075 1042 3138 de
1098 3076 1432 3138 nominum
1492 3075 1912 3139 deriuationis
1961 3074 2333 3138 diuersitate
2385 3076 2715 3159 leguntur:

366 3176 387 3199 ‘
401 3181 569 3245 Nam
608 3200 754 3244 cum
793 3182 876 3243 sit
911 3182 1214 3265 Agrippa,
1260 3183 1594 3245 mulierem
1644 3182 2065 3263 Agrippinam
2104 3181 2390 3262 dicimus,
2441 3183 2719 3248 thermas

367 3307 524 3351 uero
572 3287 1086 3371 Agrippinianas.
1197 3288 1362 3351 Item
1423 3307 1569 3352 011111
1626 3289 1710 3350 sit
1742 3286 1923 3350 Nero
1984 3292 2059 3349 ut
2104 3288 2229 3367 lec,
2275 3287 2471 3369 pelles
2517 3288 2720 3353 leoni-

368 3414 508 3475 1100,
556 3396 832 3457 thermas
869 3393 1270 3457 Neronianas
1319 3395 1610 3461 dicimus,
1692 3393 1853 3457 Item
1892 3413 2038 3456 cum
2085 3396 2169 3456 sit
2203 3394 2381 3456 Titus
2430 3400 2492 3458 et
2527 3396 2719 3479 lupus

368 3501 626 3581 similia,
673 3502 950 3563 thermas
996 3500 1239 3564 Titinas
1285 3507 1358 3564 ut
1402 3502 1600 3584 pelles
1644 3502 1900 3585 lupinas
1947 3521 2089 3569 non.
2125 3502 2413 3581 dicimuS,
2462 3502 2579 3565 sed
2616 3503 2721 3567 Ti·

370 3600 622 3672 tianas'.
671 3645 754 3651 —
805 3605 999 3682 Quae
1030 3608 1111 3670 ad
1146 3607 1414 3671 Romam
1459 3608 1687 3672 urbem
1731 3608 2064 3671 referenda
2111 3626 2249 3671 esse
2295 3627 2481 3671 nemo
2531 3629 2721 3694 nega-

371 3716 484 3778 bit.
578 3714 667 3776 At
713 3713 1145 3797 transalpinus
1203 3715 1315 3776 ille
1363 3713 1731 3796 Palaemon,
1793 3717 1848 3777 si
1894 3716 1964 3777 in
2013 3714 2219 3777 Gallia
2262 3706 2527 3798 ‘magna
2575 3736 2723 3780 cum

368 3821 579 3905 gloria
636 3819 958 3903 professus
1015 3813 1228 3901 esset²,
1294 3841 1410 3884 cur
1452 3821 1693 3885 Romae
1754 3822 1951 3885 solius
2017 3821 2363 3905 appellauit
2426 3824 2725 3887 instituta

373 3945 451 3990 ac
495 3946 623 3989 non
665 3946 755 4006 ea,
797 3945 960 4009 quae
998 3926 1078 3988 ad
1111 3926 1384 3990 Galliam
1419 3930 1820 4011 prouinciam
1856 3929 2207 4011 pertinent3
2250 3933 2387 3990 tum
2425 3932 2479 3992 si
2512 3933 2723 4013 quarti

372 4054 433 4117 p.
476 4031 616 4096 Chr.
664 4033 905 4096 saeculi
950 4036 1402 4115 grammaticus
1449 4034 1693 4114 fuisset,
1742 4053 1857 4097 cur
1902 4034 2196 4097 aedificia
2239 4036 2311 4096 in
2352 4037 2723 4119 exemplum

372 4142 664 4222 uocauit,
732 4158 896 4222 quae
961 4159 1034 4203 00
1099 4145 1378 4225 tempore
1444 4142 1621 4204 nulla
1682 4142 1813 4202 iam
1879 4140 2173 4202 fuerunt?
2264 4139 2490 4222 Neque
2552 4145 2727 4205 enim

372 4248 585 4311 ullum
628 4249 853 4310 inueni
897 4247 1287 4330 exemplum,
1345 4268 1470 4330 quo
1518 4248 1917 4331 prouinciam
1971 4246 2148 4308 illam
2193 4247 2540 4310 indicatam
2586 4267 2725 4312 esse

375 4361 764 4437 putaremus.
856 4354 1160 4417 Thermae
1216 4360 1430 4419 autem
1477 4354 2011 4438 Agrippinianae,
2067 4358 2140 4414 ut
2185 4353 2305 4415 hoc
2349 4372 2479 4416 uno
2527 4354 2724 4416 uerbo

2375 4461 2405 4509 2
