3197 4992
1282 352 1726 413 —43—

317 534 490 591 teres
537 533 754 591 autern
797 521 1196 590 inuenimus'
1252 529 1355 605 28,
1386 530 1472 589 4:
1509 530 1659 607 541,
1694 531 1807 595 30:
1862 522 2052 591 ‘dum
2109 534 2323 592 tamen
2370 522 2678 592 sciamus'

319 637 426 715 31,
454 637 536 697 12
570 656 582 696 ε
616 637 765 715 547,
805 637 910 711 19,
957 627 1107 697 ‘sed
1155 639 1215 697 et
1260 627 1567 717 legimus'
1617 636 1720 715 32,
1755 636 1869 712 23,
1933 627 2077 698 ‘sed
2125 630 2527 698 inuenimus'
2575 637 2678 713 32,

315 744 405 805 26
441 763 454 803 ε
490 744 639 818 548,
660 744 778 807 33:
823 733 975 804 ‘sed
1024 746 1087 804 et
1133 735 1438 804 dicimus'
1487 743 1689 822 34,1;
1722 743 1960 821 550,7,
2010 735 2108 804 ‘id
2158 761 2417 824 quoque
2464 734 2679 804 obser'-

315 848 625 911 uabimus
669 843 778 911 ut'
827 850 929 927 35,
960 850 1043 911 23
1081 870 1092 910 :
1127 850 1415 927 551,12;
1461 840 1852 930 ‘ambigitur
1900 842 2009 911 de'
2056 850 2296 929 40,10;
2345 842 2679 911 ‘obserua-

314 955 537 1018 bimus
567 949 811 1018 autem'
840 957 1080 1034 42,18;
1113 957 1217 1031 41,
1240 958 1308 1032 3,
1351 958 1455 1034 44,
1478 957 1545 1033 9,
1576 959 1682 1035 47,
1705 957 1742 1017 6
1769 978 1780 1016 ;
1807 958 1954 1036 545,
1979 958 2093 1035 15,
2129 949 2522 1039 ‘quaesitum
2554 949 2678 1018 est'

312 1066 423 1143 44,
452 1065 519 1139 1,
565 1055 712 1125 ‘sed
760 1063 979 1124 euenit
1025 1056 1126 1124 ut’
1176 1064 1375 1142 48,7:
1410 1064 1696 1141 547,37;
1746 1067 2006 1125 ceteras.

500 1168 945 1231 Libentissime
985 1168 1263 1251 denique
1310 1169 1531 1231 laudat
1575 1170 2057 1251 grammaticuS,
2107 1189 2274 1252 quae
2312 1170 2681 1251 exposuerit

313 1276 423 1340 uel
479 1294 648 1358 quae
695 1276 1101 1359 expositurus
1148 1277 1231 1339 sit
1278 1276 1365 1337 cf:
1415 1296 1471 1358 p.
1519 1278 1618 1355 11,
1648 1279 1733 1338 4:
1776 1277 1833 1356 8,
1856 1277 1969 1353 20,
2017 1278 2115 1356 12,
2150 1278 2234 1338 22
2274 1298 2285 1338 :
2326 1279 2423 1356 16,
2460 1278 2532 1355 6,
2579 1277 2679 1355 13,

308 1386 456 1446 24:
492 1384 726 1460 12‚12;
774 1385 872 1463 13,
902 1385 986 1446 28
1022 1405 1033 1444 :
1071 1384 1171 1462 13,
1205 1384 1290 1446 20
1324 1404 1337 1444 :
1373 1385 1473 1462 13,
1496 1384 1610 1462 223
1659 1384 2120 1463 15,4:14,26;
2168 1385 2677 1463 15,24;15,15;

308 1491 811 1571 20,9:18,12;
853 1491 1353 1568 20,13:20,8;
1397 1492 1881 1569 2o,17:2o,8;
1924 1491 2388 1571 21,1;18,15;
2429 1492 2677 1569 24,11:

305 1600 419 1679 22,
451 1599 560 1672 10;
601 1600 706 1674 25,
733 1602 805 1660 7:
841 1600 946 1677 25,
973 1600 1178 1673 1-33
1222 1599 1326 1677 25,
1356 1599 1439 1661 29
1474 1619 1486 1659 :
1521 1601 1626 1678 25,
1659 1600 1775 1675 263
1818 1599 1922 1677 27,
1950 1601 2156 1678 9:27,
2186 1601 2255 1676 43
2298 1600 2534 1677 28,16;
2577 1599 2682 1677 28,

303 1707 432 1783 20,
481 1706 909 1785 36,1:42,3;
953 1706 1420 1785 39,1;35,20;
1462 1706 1980 1785 42,22:33,25;
2020 1706 2529 1786 44,13:44,10;
2574 1707 2677 1785 45,

305 1815 380 1890 5,
424 1814 536 1885 47,
568 1814 652 1874 22
685 1834 697 1872 :
733 1814 836 1892 42,
864 1814 976 1889 18,
1020 1814 1179 1888 49,1
1209 1833 1219 1872 ;
1254 1813 1357 1887 47,
1389 1814 1707 1887 24-28,
1749 1815 1852 1892 49,
1884 1815 1978 1874 13.
2056 1810 2230 1886 Quos
2275 1812 2449 1874 locos
2488 1813 2679 1875 etiam

302 1922 654 2000 excerptor
701 1919 1079 2001 plerumque
1128 1919 1457 2000 descripsit
1513 1918 1584 1982 cf.
1627 1921 1730 1999 20,
1766 1922 1803 1982 9
1841 1941 1853 1980 ε
1888 1921 2036 1999 538,
2073 1920 2187 1996 10,
2230 1920 2333 1998 20,
2369 1920 2447 1981 13
2483 1940 2494 1979 :
2530 1920 2675 1993 538,

307 2029 426 2103 143
474 2027 722 2099 20,17;
760 2027 1053 2105 538183
1095 2027 1297 2104 21,1:
1336 2028 1634 2105 538,19;
1677 2028 1782 2105 31,
1811 2028 1895 2089 28
1926 2048 1937 2087 :
1973 2027 2212 2105 548,1;
2254 2028 2358 2105 47,
2385 2029 2463 2088 15
2491 2048 2502 2087 :
2528 2029 2675 2103 545,

302 2134 430 2211 243
478 2134 727 2213 48,18;
755 2135 901 2211 546,
929 2137 994 2210 7,
1037 2135 1240 2213 49,1;
1274 2134 1557 2212 546,11,
1602 2135 1848 2215 49,12;
1878 2134 2150 2212 546,16.
2225 2131 2469 2195 Verum
2508 2132 2674 2213 inde,

301 2236 493 2321 quod
553 2236 879 2301 Charisius
945 2244 1007 2302 et
1071 2244 1424 2321 excerptor,
1494 2240 1605 2320 qui
1671 2258 1738 2302 se
1802 2244 2027 2301 mutuo
2091 2258 2223 2301 non
2288 2245 2674 2321 presserunt,
2764 2262 2768 2265 ·

299 2344 575 2407 eosdem
619 2345 794 2409 locos
840 2352 913 2409 111
957 2347 1233 2428 reliqua,
1284 2363 1449 2427 quae
1495 2345 1684 2408 modo
1731 2346 2059 2428 proposui,
2108 2352 2559 2427 seruauerunt,
2606 2347 2674 2409 id

301 2453 531 2536 ipsum
589 2452 1056 2537 comprobatur,
1120 2452 1292 2536 quod
1349 2472 1543 2536 supra
1596 2473 1654 2536 p.
1696 2454 1780 2515 27
1830 2452 2050 2534 statui,
2105 2471 2236 2515 non
2291 2474 2328 2516 a
2388 2452 2671 2517 Charisio

299 2559 425 2621 sed
477 2579 516 2621 a
562 2559 738 2640 libri,
787 2579 978 2643 quem
1027 2560 1539 2642 compilauerunt
1585 2563 1993 2642 excerptores
2041 2566 2317 2642 auctore,
2365 2582 2402 2623 a
2448 2558 2672 2623 Palae-

301 2684 505 2729 mone
564 2685 637 2728 ea
692 2667 972 2749 profecta
1027 2686 1179 2730 esse.
1272 2666 1400 2730 Sed
1448 2666 1526 2728 de
1581 2665 1838 2728 dicendi
1896 2666 2296 2751 docendique
2343 2666 2671 2731 Palaemo-

300 2774 407 2836 nis
477 2774 753 2854 ratione,
816 2774 991 2836 unde
1056 2778 1433 2857 argumenta
1496 2779 1930 2855 sumerentur,
2008 2776 2163 2837 satis
2230 2774 2475 2839 dictum
2542 2781 2636 2838 881
2653 2798 2680 2852 ;.

300 2880 655 2943 ueniamus
701 2900 876 2943 nunc
924 2882 1005 2943 ad
1053 2888 1247 2964 caput
1293 2879 1441 2942 XV.

489 2985 569 3048 In
615 2987 736 3049 hoc
782 2989 954 3050 enim
1012 2992 1202 3071 caput
1260 2991 1514 3069 propter
1566 2986 1835 3050 multam
1884 2988 2262 3070 uariamque
2309 2988 2667 3051 doctrinam

298 3098 451 3176 post
496 3092 783 3156 Keilium
832 3100 894 3157 81
942 3093 1547 3157 Schottmuellerum
1612 3094 1722 3155 alii
1779 3095 1905 3156 uiri
1954 3094 2121 3156 docti
2167 3096 2665 3178 inquisiuerunt.

300 3202 527 3282 Atque
582 3198 848 3282 KeiliuS,
908 3202 1099 3284 praef.
1156 3203 1229 3264 in
1286 3200 1464 3265 Char.
1531 3221 1588 3283 p.
1637 3199 1914 3280 XLVII,
1982 3200 2102 3263 hoc
2166 3200 2288 3263 sibi
2354 3204 2669 3283 persuasit

297 3307 675 3390 complures
743 3306 806 3370 O.
868 3307 911 3371 J
918 3308 1029 3371 ulii
1092 3308 1369 3371 Romani
1433 3307 1914 3372 obseruationes
1981 3326 2219 3389 easque
2286 3309 2666 3390 antiquioris

298 3413 636 3477 doctrinae
695 3433 732 3476 a
779 3413 1064 3478 Charisio
1125 3417 1194 3478 in
1253 3417 1371 3482 hoc
1433 3420 1624 3499 caput
1677 3416 2016 3478 translatas
2063 3433 2216 3477 esse.
2309 3412 2664 3495 Praeterea,

301 3520 465 3602 quid
534 3518 613 3582 ab
679 3522 815 3604 ipso
878 3521 1197 3602 Romano,
1274 3524 1427 3605 quid
1504 3522 1581 3585 ab
1650 3522 1892 3586 eisdem
1957 3521 2351 3601 auctoribus,
2429 3519 2664 3603 quibus

299 3624 638 3689 Romanus
711 3648 869 3691 usus
943 3635 1141 3710 esset,
1215 3635 1549 3693 mutuatus
1629 3634 1796 3693 esset
1872 3628 2224 3710 Charisius,
2304 3629 2374 3690 in
2453 3627 2661 3691 medio

300 3734 588 3816 reliquit.
1765 3747 1766 3750 ’

488 3840 980 3906 Schottmueller
1045 3843 1273 3907 deinde
1337 3866 1396 3928 p.
1446 3845 1532 3908 20
1587 3864 1731 3926 sqq.
1797 3849 2046 3925 praeter
2107 3842 2382 3906 Romani
2448 3844 2662 3926 copias

303 3949 676 4032 praesertim
726 3948 1135 4013 Palaemonis
1192 3949 1434 4013 librum
1490 3971 1528 4013 a
1576 3948 1857 4012 Charisio
1907 3955 2285 4032 usurpatum
2332 3968 2469 4013 esse
2517 3969 2661 4013 cen-

305 4056 438 4119 suit
482 4057 677 4138 eique
734 4061 936 4119 certas
985 4056 1296 4139 quasdam
1352 4058 1610 4140 regulas
1664 4050 1905 4119 ‘uelut'
1967 4057 2421 4119 coniunctione
2476 4058 2659 4120 nisus

305 4161 563 4240 tribuit,
611 4163 922 4244 plurimas
969 4168 1184 4226 tamen
1230 4182 1332 4225 res
1379 4181 1615 4245 easque
1659 4164 2149 4247 pretiosissimas
2198 4168 2261 4226 et
2299 4181 2467 4245 quae
2514 4182 2659 4226 eru-

309 4267 614 4332 ditionem
661 4269 1037 4352 praeberent
1080 4271 1269 4354 paulo
1335 4270 1790 4352 antiquiorem,
1853 4289 1889 4332 e
1945 4268 2234 4333 Romano
2300 4274 2450 4333 nata
2506 4289 2657 4334 esse.

308 4373 389 4437 Id
429 4377 537 4439 1181
590 4375 742 4439 inde
790 4378 992 4439 conici
1051 4396 1255 4460 posse,
1325 4377 1499 4459 quod
1554 4377 1727 4439 haud
1782 4396 2010 4460 pauca,
2073 4396 2242 4459 quae
2289 4398 2327 4441 a
2370 4376 2658 4440 Romano
