3197 4992
490 1486 673 1589 ,1.

591 1952 672 2017 II.

560 2703 678 2768 III.

560 2916 672 2980 IV.

1406 1036 2051 1159 oonspno'ros.

746 1524 920 1601 Quae
975 1525 1142 1609 apud
1204 1524 1564 1588 Charisium
1625 1526 1914 1608 aliosque
1969 1526 2087 1589 sub
2149 1525 2555 1590 Palaemonis
2613 1545 2729 1590 no·
2782 1468 2895 1522 pag.

736 1633 909 1697 mine
972 1637 1227 1695 exstant
1270 1635 1715 1716 grammatica,
1778 1652 1850 1696 ea
1893 1653 2025 1696 non
2071 1632 2469 1731 Palaemonis
2517 1635 2731 1698 ouius-

738 1741 906 1822 dam,
965 1742 1077 1824 qui
1136 1745 1356 1822 quarto
1412 1739 1546 1803 fere
1602 1761 1657 1824 p.
1716 1739 1855 1802 Chr.
1915 1741 2165 1805 saeculo
2223 1741 2432 1823 fuerit,
2489 1741 2597 1806 sed
2656 1741 2727 1818 Q.

734 1846 1012 1911 Remmii
1057 1844 1459 1910 Palaemonis
1507 1866 1644 1911 esse
1690 1849 2082 1930 argumentis
2130 1847 2541 1927 confirmatur
2610 1900 2624 1913 .
2701 1899 2715 1912 .
2820 1848 2901 1912 20

739 1951 837 2018 De
893 1955 958 2030 Q.
1015 1952 1293 2018 Remmii
1351 1952 1755 2018 Palaemonis
1812 1954 2103 2018 doctrina
2160 1954 2323 2038 apud
2374 1954 2731 2020 Charisium

739 2064 1026 2125 exstante
1094 2112 1107 2125 .
1184 2112 1196 2125 .
1272 2111 1285 2124 .
1346 2076 1353 2107 ³
1361 2111 2714 2126 ................
2824 2065 2901 2126 76

825 2168 902 2230 A.
977 2166 1076 2232 De
1121 2168 1282 2260 libro
1333 2167 1606 2232 Charisii
1650 2170 1856 2252 primo
1899 2217 2716 2234 ..........
2823 2171 2903 2233 62

773 2275 903 2340 Β.
1012 2325 1043 2356 „
1191 2324 1223 2358 „
1442 2322 1482 2357 >„
1656 2276 1933 2339 seeundo
1986 2325 2000 2339 .
2077 2314 2095 2339 .·
2165 2326 2714 2341 .......
2826 2280 2905 2340 74

838 2380 899 2444 G.
1008 2432 1040 2464 „
1186 2432 1218 2464 „
1384 2370 1478 2465 *'„
1652 2385 1837 2446 tertio
1897 2432 2713 2447 ..........
2826 2386 2905 2446 74

825 2487 901 2554 D.
1009 2539 1042 2571 „
1189 2539 1221 2571 „
1447 2539 1480 2572 „
1655 2494 1877 2572 quarto
1988 2540 2001 2553 .
2076 2541 2090 2554 .
2134 2551 2139 2556 ,
2166 2540 2715 2555 .......
2826 2493 2903 2554 75

822 2595 896 2658 Ε.
1072 2581 1077 2582 7
1650 2598 1872 2679 quinto
1989 2647 2716 2664 .........
2827 2599 2904 2660 76

738 2702 835 2767 De
885 2702 952 2779 Q.
992 2702 1265 2765 Remmii
1315 2661 1720 2800 Palaemonis
1767 2703 2073 2787 doctrina,
2122 2725 2282 2788 quae
2332 2663 2499 2789 apnd
2546 2705 2733 2769 Dosi-

739 2810 959 2876 theum
1003 2812 1371 2874 inueniatur
1451 2859 2715 2876 ...............
2726 2831 2730 2834 “
2826 2812 2905 2874 78

741 2911 837 2980 De
894 2916 963 2992 Q.
1020 2916 1301 2980 Remmii
1356 2908 1759 2981 Palaemonis
1826 2918 2142 2982 doctrina
2174 2920 2341 3003 apud
2401 2925 2732 3004 excerpto-

738 3043 895 3106 rem,
943 3026 1055 3108 qui
1101 3019 1367 3089 uocatur
1411 3024 1803 3089 Bobiensem
1850 3030 2141 3090 exstante
2168 3075 2717 3090 .......
2826 3027 2906 3088 82

740 3129 838 3195 De
893 3137 1024 3198 arte
1076 3133 1482 3198 Palaemonis
1546 3135 1988 3217 grammatica,
2047 3152 2171 3215 quo
2228 3138 2506 3218 tempore
2563 3134 2733 3198 edita

739 3240 840 3322 sit,
889 3246 1043 3323 quot
1087 3240 1268 3304 libris
1316 3240 1665 3323 composita
1709 3240 1901 3303 fuerit
1993 3289 2717 3305 .........
2825 3240 2905 3302 85
