3197 4992
707 470 1147 554 Comparanda
1183 475 1352 551 sunt,
1393 489 1559 552 quae
1592 469 1921 533 Charisius
1956 489 2016 552 p.
2061 471 2163 550 10,
2186 471 2266 532 18
2303 469 2515 534 docet:
2553 461 2631 530 ‘k
2667 469 2878 531 littera

521 583 710 641 notae
755 582 1008 641 tantum
1050 596 1249 641 causa
1291 578 1574 660 ponitur,
1615 597 1772 640 cum
1815 575 2120 639 kalendas
2158 577 2293 640 sola
2339 575 2707 660 (significat)
2758 581 2873 639 aut

519 682 930 749 Kaesonem*
971 703 1231 767 quoque
1267 685 1669 747 kalumniam
1706 688 1818 746 aut
1854 681 2316 766 Karthaginem
2354 675 2756 765 scribimus'3
2806 688 2870 745 et

521 811 579 874 p.
630 793 689 872 8,
714 793 825 854 16:
871 783 1011 853 ‘Ex
1058 791 1157 854 his
1209 790 1320 874 (sc.
1367 790 1593 868 mutis)
1641 808 2079 874 superuacuae
2129 789 2517 872 quibusdam
2563 789 2877 853 uidentur

519 897 562 958 k
613 901 674 960 et
721 917 792 980 q,
850 897 1023 980 quod
1086 917 1121 960 c
1175 897 1386 961 littera
1441 897 1673 960 horum
1727 897 1946 960 locum
2002 897 2201 978 possit
2258 896 2531 979 inplere,
2590 901 2664 958 ut
2717 901 2875 979 puta

523 1001 875 1084 Carthag0.'
945 1000 1373 1086 Praeponitur
1436 1008 1655 1067 autem
1709 1003 1781 1085 k,
1843 1004 2138 1086 quotiens
2194 1024 2231 1067 a
2286 1003 2578 1085 sequitur
2637 1005 2748 1083 (sc.
2804 1003 2874 1065 in

521 1110 612 1173 eis
676 1109 1075 1191 nominibus»,
1142 1129 1306 1192 quae
1372 1112 1563 1175 etiam
1630 1115 1780 1175 nota
1841 1109 2341 1194 significantur),
2407 1115 2479 1173 ut
2531 1109 2873 1192 kalendae;

522 1237 567 1299 q
611 1217 938 1298 scribitur,
987 1217 1283 1299 quotiens
1330 1238 1378 1280 u
1423 1220 1768 1282 coniuncta
1814 1238 1962 1282 cum
2012 1218 2136 1281 alia
2181 1218 2391 1281 uocali
2437 1218 2873 1300 subsequitur,

521 1330 595 1387 ut
642 1344 918 1407 quercus
976 1325 1225 1408 questio
1289 1330 1567 1408 quantus
1634 1332 1697 1389 et
1751 1325 1850 1389 his
1897 1320 2191 1403 similia'3
2261 1331 2324 1389 et
2377 1346 2436 1408 p.
2486 1327 2686 1402 8,12:
2733 1316 2873 1387 ‘Ex

520 1430 620 1494 his
686 1430 800 1515 (sc.
846 1431 1372 1516 semiuocalibus)
1437 1452 1569 1496 una
1617 1432 1860 1515 duplex
1923 1438 2017 1496 est
2062 1453 2126 1495 x.
2220 1431 2482 1495 Constat
2545 1432 2718 1494 enim
2764 1437 2875 1494 aut

521 1556 605 1600 ex
650 1558 694 1621 g
740 1542 805 1601 et
850 1557 908 1614 s,
966 1543 1041 1601 ut
1084 1557 1203 1601 rex
1248 1540 1445 1622 regiS,
1493 1545 1605 1603 aut
1653 1559 1738 1603 ex
1785 1559 1819 1603 c
1866 1545 1927 1603 et
1973 1560 2031 1620 S,
2091 1545 2165 1602 ut
2207 1539 2324 1622 pix
2370 1539 2548 1621 picis,
2594 1538 2870 1622 ideoque

522 1643 682 1707 haec
727 1644 939 1708 littera
985 1665 1021 1707 a
1071 1643 1454 1726 quibusdam
1502 1640 1816 1730 negatur.'

702 1748 1138 1825 Quintilianus
1194 1749 1253 1827 Ι,
1301 1753 1478 1831 4,2o
1544 1751 1906 1835 profitetur:
1971 1746 2131 1815 ‘Alii
2195 1758 2411 1817 tamen
2476 1772 2560 1817 ex
2621 1753 2874 1816 idoneis

521 1857 859 1920 dumtaxat
905 1857 1277 1921 auctoribus
1334 1864 1474 1922 octo
1521 1865 1733 1943 partes
1782 1860 2086 1923 orationis
2150 1860 2355 1923 secuti
2402 1869 2556 1923 sunt
2601 1864 2675 1923 ut
2721 1861 2874 1922 Ari-

521 1963 812 2027 starchus
862 1970 925 2027 et
970 1969 1173 2029 aetate
1217 1978 1437 2030 nostra
1481 1965 1846 2047 Palaemon,
1896 1966 2008 2048 qui
2044 1965 2440 2029 uocabulum
2476 1967 2620 2029 siue
2659 1965 2872 2049 appel-

519 2071 824 2134 lationem
890 2071 1137 2133 nomini
1201 2072 1620 2136 subiecerunt
1681 2078 2012 2156 tamquam
2078 2074 2357 2155 speciem
2417 2074 2572 2136 eius.
2666 2074 2757 2135 At
2801 2073 2866 2149 ii,

522 2178 637 2260 qui
683 2176 860 2241 aliud
906 2196 1159 2260 nomen,
1207 2178 1384 2242 aliud
1430 2179 1826 2243 uocabulum
1872 2180 2132 2261 faciunt,
2178 2197 2434 2242 nouem.
2525 2178 2867 2243 Nihilomi-

519 2303 644 2347 nus
690 2283 979 2365 fuerunt,
1036 2285 1150 2366 qui
1208 2287 1424 2369 ipsum
1471 2286 1684 2350 adhuc
1740 2287 2132 2351 uocabulum
2179 2285 2257 2350 ab
2305 2286 2727 2371 appellatione
2774 2285 2869 2348 di·
2923 2277 2939 2287 ”

518 2391 842 2471 ducerent,
884 2397 955 2452 ut
994 2396 1162 2454 esset
1199 2392 1596 2456 uocabulum
1636 2412 1866 2477 corpus
1904 2395 2054 2456 uisu
2092 2398 2394 2476 tactuque
2432 2394 2869 2474 manifestum,

512 2488 761 2560 ‘domus
807 2490 1055 2579 lectus’,
1103 2500 1475 2583 appellatiO,
1526 2502 1634 2563 cui
1678 2501 1786 2565 uel
1844 2501 2116 2565 alterum
2167 2501 2412 2566 deesset
2458 2502 2567 2564 uel
2611 2507 2864 2565 utrum-

516 2622 662 2686 que,
707 2596 980 2668 ‘uentus
1029 2606 1276 2669 caelum
1323 2605 1483 2670 deus
1529 2608 1741 2671 uirtus
1754 2602 1794 2684 ζ
2541 2673 2548 2680 .

696 2709 926 2775 Confer
986 2715 1380 2797 excerptoris
1425 2713 1763 2778 Bobiensis
1812 2716 2167 2779 doctrinam
2211 2715 2274 2797 Ι,
2323 2737 2380 2800 p.
2431 2718 2558 2779 533
2611 2720 2867 2779 exstan-

512 2822 669 2880 tem:
738 2811 1087 2882 ‘Orationis
1152 2826 1362 2903 partes
1427 2826 1582 2884 sunt
1646 2827 1813 2885 octo:
1881 2842 2120 2886 nomen
2179 2841 2533 2906 pronomen
2592 2822 2863 2885 uerbum

514 2924 893 2988 aduerbium
950 2927 1360 3010 participium
1418 2929 1801 3012 praepositio
1858 2930 2227 2993 coniunctio
2276 2930 2658 3003 interiectio;
2724 2930 2867 3012 qui-

514 3029 785 3094 busdam
836 3032 1093 3096 uidetur
1140 3039 1203 3097 et
1240 3030 1623 3117 appellatio.²
1662 3073 1746 3081 —
1785 3034 1865 3098 In
1912 3055 2002 3117 ea,
2044 3055 2208 3118 quae
2247 3038 2540 3118 sequitur
2578 3037 2866 3099 doctrina

511 3159 571 3221 p.
621 3141 829 3217 533,ss
880 3141 1218 3203 nominum
1277 3137 1567 3224 'singulae
1624 3143 1870 3227 species
1927 3144 2389 3206 discernuntur
2439 3143 2689 3226 ipsique
2748 3163 2863 3206 no-

511 3247 671 3309 mini
716 3245 1228 3330 subiunguntur3
1277 3250 1485 3332 pergit
1531 3251 1706 3312 enim
1754 3247 2122 3312 definitione
2180 3250 2459 3312 nominis
2514 3251 2867 3332 praemissa

511 3354 997 3437 grammaticus:
1044 3348 1354 3418 ‘Nomina
1399 3360 1512 3418 aut
1557 3357 1814 3439 propria
1860 3361 2011 3418 sunt
2058 3361 2172 3418 aut
2217 3356 2622 3439 appellatiua.
2710 3356 2866 3419 Pro-

511 3462 652 3544 pria
697 3467 852 3524 sunt
895 3462 1177 3542 nomina,
1227 3480 1391 3543 quae
1429 3462 1794 3544 specialiter
1830 3463 2213 3545 proprieque
2254 3462 2557 3525 dicuntur
2589 3513 2603 3526 .
2634 3513 2648 3527 .
2679 3513 2691 3527 .
2727 3464 2863 3547 Ap-

511 3567 768 3651 pellatio
808 3567 1060 3644 dicitur,
1110 3568 1427 3651 quidquid
1468 3573 1718 3651 praeter
1755 3569 2085 3651 proprium
2125 3588 2362 3632 nomen
2401 3575 2511 3633 est.
2579 3569 2755 3634 Haec
2793 3572 2864 3633 in

513 3674 671 3737 duas
719 3674 965 3757 species
1015 3674 1410 3739 diuiduntur.
1502 3675 1655 3737 Alia
1702 3675 1875 3737 enim
1921 3674 2292 3758 significant
2337 3696 2436 3741 res
2485 3678 2866 3761 corporaleS,

515 3799 679 3863 quae
716 3779 926 3843 uideri
956 3782 1264 3864 tangique
1301 3785 1567 3864 possunt
1605 3786 1668 3843 et
1696 3801 1734 3843 a
1764 3781 2150 3863 quibusdam
2183 3782 2499 3847 uocabula
2537 3785 2861 3867 appellan-

510 3892 634 3964 tur,
683 3891 755 3949 ut
799 3887 988 3951 homo
1042 3887 1233 3951 arbor
1278 3906 1501 3970 pecus3
1564 3888 1691 3950 alia
1735 3888 2064 3952 intellectu
2109 3895 2365 3953 tantum
2423 3891 2609 3953 modo
2656 3892 2860 3974 perci-

510 3995 797 4079 piuntur,
824 4013 1057 4058 uerum
1086 4013 1295 4077 neque
1323 3993 1535 4056 uideri
1562 4012 1683 4056 nec
1712 3996 1891 4078 tangi
1918 4001 2206 4080 possunt,
2225 4002 2297 4060 ut
2325 4002 2419 4060 est
2455 3988 2656 4080 pietas
2675 4000 2862 4061 iusti-

511 4102 615 4165 tia.
663 4100 758 4164 Ea
788 4104 893 4183 (sc.
930 4102 1214 4183 exceptis
1242 4099 1620 4163 nominibus
1650 4103 1950 4186 propriis)
1988 4122 2104 4166 nos
2135 4104 2516 4188 appellatiua
2546 4100 2863 4168 dicimus.²

691 4205 904 4282 Quint.
943 4207 1005 4283 I,
1034 4210 1094 4288 4,
1115 4208 1228 4270 23:
1275 4199 1449 4270 ‘Non
1497 4209 1618 4270 erit
1664 4213 2004 4273 contentus
2053 4217 2160 4290 (sc.
2207 4212 2683 4294 grammaticus)
2733 4217 2862 4274 tra-

512 4313 662 4377 dere
699 4314 770 4375 in
807 4314 1175 4377 nominibus
1213 4316 1335 4377 tria
1369 4333 1607 4398 genera
1645 4320 1708 4378 et
1747 4336 1911 4398 quae
1950 4323 2099 4380 sunt
2136 4315 2389 4380 duobus
2429 4317 2858 4404 omnibusque
