3197 4992
1540 310 1981 369 -74—

575 488 680 567 pta
743 483 1021 547 fuerunt.
1135 483 1472 547 Praeterea
1533 485 1675 567 ipsa
1740 484 2069 566 dispositio
2144 503 2217 547 ac
2285 484 2642 548 disserendi
2705 503 2909 568 genuS,

578 610 742 672 quae
790 591 961 674 apud
1012 589 1465 653 Cominianum
1510 592 1962 671 inueniuntur,
2008 591 2458 656 Palaemonem
2503 591 2788 676 probant.

752 718 811 780 p.
860 700 1019 779 236,
1072 699 1436 779 16--238,
1479 700 1560 760 17
1626 697 1902 761 Romani
1969 697 2047 761 de
2109 702 2578 783 praepositione
2644 699 2914 761 doctrina

576 809 797 867 exstat.
874 803 1003 879 Qui
1049 806 1547 867 commentarius
1594 804 1674 866 ab
1723 804 2281 869 obseruationibus
2328 805 2617 870 Suetonii
2665 805 2915 889 quibus-

500 988 501 991 ,
575 912 723 973 dam
768 912 1008 995 incipit.
1104 909 1284 985 Quae
1330 930 1486 974 uero
1539 931 1598 993 p.
1649 913 1797 992 236,
1837 913 2167 975 23-238
2224 921 2604 995 sequuntur,
2660 913 2911 976 eandem

577 1018 847 1081 docendi
895 1018 1167 1101 speciem
1216 1018 1545 1101 praebent,
1606 1038 1802 1101 quam
1849 1018 2257 1083 Palaemonis
2304 1025 2366 1083 et
2415 1019 2771 1083 Cominiani
2817 1019 2918 1080 do-

576 1126 796 1188 ctrina.
889 1124 1146 1188 Etenim
1203 1124 1557 1188 disserendi
1613 1144 1818 1208 genus
1874 1126 2045 1189 idem
2103 1132 2230 1205 est3
2295 1128 2588 1211 exempla
2645 1145 2920 1189 nonnus-

579 1252 769 1314 quam
811 1233 1212 1315 conspirant3
1265 1232 1579 1315 quaedam
1618 1232 2099 1296 obseruationes
2141 1234 2338 1297 uerbo
2374 1235 2507 1299 fere
2545 1240 2731 1297 tenus
2761 1233 2921 1316 apud

581 1338 1030 1401 Cominianum
1093 1345 1154 1402 et
1200 1338 1655 1402 Palaemonem
1710 1340 2134 1422 reperiuntur.
2236 1342 2464 1424 Itaque
2516 1343 2706 1405 etiam
2754 1357 2922 1424 prae-

576 1447 967 1528 positionum
1034 1446 1437 1509 Palaemonis
1511 1445 1866 1508 doctrinam
1935 1445 2265 1511 Romanus
2339 1449 2694 1531 occupauit.
2807 1445 2924 1508 Sed

579 1552 880 1633 quamuis
951 1559 1078 1615 tres
1142 1554 1575 1635 grammatici:
1656 1552 2011 1635 Charisius,
2087 1554 2528 1635 CominianUS‚
2600 1552 2924 1615 Romanus

574 1677 783 1720 unum
846 1658 1086 1721 librum
1147 1654 1634 1743 usurpauerint,
1709 1666 1924 1722 tamen
1996 1681 2126 1723 non
2199 1662 2460 1744 plenam
2521 1659 2925 1723 Palaemonis

577 1765 937 1827 doctrinam
985 1772 1096 1829 aut
1140 1768 1516 1850 petiuerunt
1561 1772 1671 1829 aut
1717 1773 2155 1830 seruauerunt.

755 1870 958 1955 Caput
1002 1871 1169 1935 XVI
1227 1894 1285 1956 p.
1334 1875 1482 1948 238,
1526 1876 1850 1955 18-242,
1894 1877 1974 1937 12
2032 1884 2128 1937 0οῑ
2186 1869 2292 1938 ‘de
2336 1867 2927 1937 interiectionibus'.

574 1977 932 2061 Excipiunt
987 1998 1054 2042 se
1110 1977 1497 2061 Cominiani,
1531 1979 1979 2062 Palaemonis,
2034 1980 2307 2044 Romani
2367 1987 2717 2064 praecepta.
2817 1979 2928 2042 Oo-

574 2086 896 2147 minianus
955 2091 1016 2148 et
1061 2085 1390 2149 Romanus
1444 2088 1904 2151 interiectionis
1960 2089 2230 2152 eandem
2293 2088 2726 2151 definitionem
2790 2106 2929 2170 pro-

577 2191 752 2254 dunt.
846 2191 1250 2256 Palaemonis
1314 2195 1604 2277 propria
1639 2195 1922 2257 definitio
1990 2197 2223 2258 omissa
2288 2201 2397 2258 est.
2492 2194 2618 2258 Sed
2674 2195 2757 2258 de
2814 2197 2928 2257 1100

575 2300 780 2382 capite
844 2319 1070 2382 parum
1135 2301 1327 2362 statui
1391 2306 1613 2383 potest.
1728 2301 2055 2365 Charisius
2112 2302 2282 2364 enim
2336 2321 2542 2385 pauca
2612 2320 2646 2364 e
2707 2301 2929 2365 Palae-

575 2406 785 2468 monis
860 2411 922 2468 et
997 2406 1354 2469 Cominiani
1430 2409 1721 2471 doctrina
1795 2410 2065 2472 admisit.
2176 2407 2505 2488 Romanus
2580 2410 2928 2473 eorundem

577 2513 837 2595 quidem
884 2515 1265 2597 scriptorum
1313 2517 1633 2598 exempla,
1694 2537 1967 2598 quorum
2015 2519 2083 2580 in
2133 2516 2569 2600 superioribus
2618 2517 2931 2599 capitibus

580 2626 848 2683 enarrat.

1545 2749 1972 2757 ψ-

1203 2922 1266 2985 C.
1359 2931 1461 2984 De
1505 2927 1685 2987 libro
1735 2932 2029 2987 Charisii
2073 2932 2302 2988 tertio.

756 3046 954 3110 Cuius
990 3046 1141 3110 libri
1187 3054 1512 3112 auctorem
1555 3050 2002 3114 Palaemonem
2041 3050 2529 3114 Schottmueller
2573 3072 2630 3134 p.
2677 3052 2762 3114 10
2807 3055 2929 3114 sta-

577 3154 712 3218 tuit.
787 3153 1015 3237 Itaque
1063 3157 1213 3238 quia
1259 3158 1387 3219 iam
1434 3177 1629 3240 supra
1677 3159 1757 3219 21
1801 3178 1936 3240 sqq.
1987 3159 2066 3221 de
2114 3177 2187 3221 eo
2236 3160 2533 3241 exposui,
2578 3158 2684 3221 hic
2726 3176 2932 3240 pauca

575 3261 865 3325 addenda
921 3268 1087 3325 sunt.
1192 3264 1292 3326 Ac
1348 3265 1631 3347 primum
1692 3266 1953 3347 quidem
2009 3286 2066 3348 p.
2115 3266 2264 3347 248,
2305 3268 2344 3327 5
2401 3265 2641 3349 Apulei
2697 3284 2931 3328 nomen

575 3369 899 3431 adsertum
965 3375 1075 3433 est.
1183 3371 1502 3453 Apuleius
1573 3376 1790 3433 autem
1858 3372 2162 3453 quoniam
2225 3373 2294 3433 in
2364 3371 2734 3435 Charisiana
2799 3376 2931 3434 arte

576 3495 704 3538 non
752 3477 877 3538 nisi
924 3496 959 3537 a
1007 3475 1293 3539 Romano
1340 3478 1639 3540 laudatus
1696 3484 1816 3558 est,
1874 3497 2027 3541 uero
2088 3480 2455 3561 proximum
2511 3485 2607 3543 est
2652 3485 2930 3542 statuere

574 3601 712 3645 esse
760 3588 823 3645 et
866 3583 986 3644 hoc
1033 3583 1171 3645 loco
1219 3584 1456 3665 Apulei
1503 3585 1891 3647 mentionem
1952 3584 2031 3647 ab
2089 3585 2199 3647 illo
2256 3585 2501 3648 factam.
2595 3609 2651 3670 p.
2702 3589 2851 3667 254,
2891 3588 2928 3647 8

574 3688 847 3751 Romani
915 3689 1275 3751 obseruatio
1337 3711 1374 3752 a
1425 3690 1713 3753 Charisio
1768 3692 2102 3753 interiecta
2173 3695 2270 3753 est
2323 3694 2441 3755 ita:
2509 3686 2736 3756 ‘obicio
2795 3692 2928 3772 tibi,

577 3796 853 3857 obicitur
898 3795 1058 3857 mihi
1104 3816 1140 3857 a
1185 3801 1262 3858 te.
1356 3796 1559 3860 Nemo
1609 3799 1777 3859 enim
1830 3798 1984 3860 dicit
2031 3798 2163 3878 dor,
2220 3817 2469 3880 noceor,
2518 3793 2797 3862 obicior'.
2840 3836 2922 3844 ——

573 3894 733 3964 ‘Sed
800 3900 862 3965 O.
928 3901 1144 3965 Julius
1209 3902 1537 3967 Romanus
1606 3923 1682 3967 ea
1748 3903 1947 3967 uerba
2010 3905 2321 3967 idiomata
2385 3901 2775 3989 appellauit'.
2846 3941 2927 3951 -

579 4006 1002 4072 Continuatur
1058 4012 1271 4073 statim
1319 4011 1726 4074 Palaemonis
1776 4012 2091 4074 doctrina:
2155 4006 2362 4086 Quae
2418 4013 2708 4075 datiuum
2771 4012 2929 4075 reci-

574 4116 785 4199 piunt,
832 4117 1017 4179 uelut
1061 4136 1306 4180 noceo,
1356 4167 1368 4181 .
1418 4112 1470 4181 ,²
1534 4117 1827 4181 Ceterum
1865 4117 2211 4181 Palaemon
2256 4140 2314 4202 p.
2348 4121 2495 4200 253,
2540 4120 2619 4181 19
2659 4119 2928 4264 01111100

576 4222 794 4286 eadem
845 4224 1039 4287 uerba
1087 4205 1498 4288 idiomatibus
1546 4225 2012 4287 adnumerauit
