3197 4992
515 511 922 574 substantiua
977 514 1040 573 et
1104 509 1422 573 adiectiua
1478 509 1833 592 explanata.
1924 507 2174 572 Verum
2230 509 2421 573 etiam
2451 508 2889 592 ‘reliquarum

517 618 823 683 orationis
870 618 1150 702 partium
1191 609 1528 679 ‘catholica
1574 608 1764 698 uaga’
1810 617 1880 679 in
1918 616 2040 679 hoc
2078 617 2283 700 capite
2317 620 2632 699 pertracta
2668 616 2890 681 fuisse

514 725 666 787 inde
712 725 965 805 sumito,
1025 722 1196 805 quod
1248 741 1453 805 pauca
1511 723 1967 805 pronominum
2014 721 2465 785 aduerbiorum
2512 723 2892 785 coniuncti-

518 850 717 894 onum
770 830 978 894 frusta
1036 832 1103 893 in
1161 834 1445 893 extremo
1503 829 1709 912 capite
1772 829 1994 892 relicta
2048 834 2212 892 sunt.
2305 828 2608 911 Vulgaris
2656 834 2894 893 autem

516 938 747 1001 harum
791 923 1076 1021 'partium
1135 936 1304 1019 apud
1366 937 1703 1019 scriptores
1749 955 1926 1017 usuS,
1983 955 2131 999 cum
2182 937 2402 999 minus
2454 937 2662 1020 ampla
2712 942 2896 1000 esset

518 1063 741 1115 earum
789 1045 1102 1123 doctrina,
1159 1043 1403 1126 regulis
1461 1040 1866 1125 generalibus
1922 1042 2252 1126 explicatis
2307 1043 2695 1107 subiunctus
2743 1042 2895 1125 fuit,

518 1151 588 1213 id
627 1151 799 1233 quod
836 1150 988 1213 inde
1033 1148 1356 1232 probatur,
1405 1149 1579 1230 quod
1625 1149 1940 1211 nonnulla
1986 1149 2442 1213 aduerbiorum
2468 1149 2896 1214 Palaemonis

520 1256 812 1340 exempla
840 1276 925 1339 p.
969 1257 1116 1338 189,
1154 1275 1244 1338 sq.
1299 1259 1554 1338 recepta
1614 1259 1767 1317 sunt
1825 1275 1863 1318 a
1919 1254 2218 1320 Charisio.
2309 1256 2586 1339 Reliqua
2644 1257 2899 1320 harum

520 1364 826 1426 orationis
873 1365 1150 1446 partium
1199 1362 1492 1445 exempla
1538 1362 1728 1445 plane
1776 1364 2011 1425 omissa
2055 1368 2222 1426 sunt.
2309 1361 2635 1426 Charisius
2697 1364 2898 1428 uide-

518 1471 671 1534 licet
733 1470 887 1533 inde
952 1491 1005 1555 a,
1053 1471 1255 1554 capite
1309 1468 1501 1551 XVI,
1567 1488 1715 1532 cum
1779 1471 1852 1532 in
1916 1470 2120 1552 capite
2183 1468 2315 1532 XV
2371 1470 2544 1533 haud
2607 1471 2901 1536 feliciter

510 1577 780 1660 egisset,
828 1595 969 1639 eam
1014 1583 1270 1640 secutus
1316 1582 1413 1640 est
1458 1576 2015 1658 consuetudinem,
2063 1581 2138 1639 ut
2180 1576 2422 1660 regulis
2468 1575 2899 1643 Palaemonis

519 1682 931 1766 generalibus
988 1701 1071 1746 ex
1124 1688 1302 1766 parte
1361 1685 1759 1767 transcriptis
1805 1681 2165 1747 breuiorem
2219 1682 2497 1746 Romani
2551 1685 2899 1768 exemplo-

519 1808 665 1852 rum
730 1793 1263 1852 commentarium
1328 1810 1364 1852 a
1428 1788 1815 1853 Palaemone
1880 1790 2149 1873 aliisque
2211 1792 2483 1874 petitum
2545 1792 2615 1853 in
2681 1811 2900 1855 usum

522 1916 714 1959 suum
763 1900 1054 1959 uerteret.
1147 1896 1261 1959 Ait
1308 1897 1481 1959 enim
1528 1897 1860 1980 analogiae
1918 1897 2208 1961 doctrina
2263 1896 2559 1960 uberiore
2606 1897 2902 1981 abrupta

518 2023 578 2086 p.
623 2005 748 2065 117
755 2052 768 2084 ‚
808 2005 849 2065 5
894 2003 1063 2085 ipse:
1122 1994 1351 2064 ‘Cuius
1393 2003 1487 2064 rei
1531 2009 1771 2067 rectam
1824 2005 2139 2067 rationem
2193 2004 2452 2067 interim
2509 2003 2902 2068 differamus

520 2110 805 2174 contenti
865 2110 1104 2192 pauciS‚
1172 2127 1340 2191 quae
1404 2110 1684 2193 exempli
1749 2113 1957 2193 gratia
2017 2110 2217 2173 Gaius
2269 2110 2492 2174 Julius
2544 2109 2902 2175 Romanus

512 2215 644 2280 sub
695 2216 920 2280 eodem
968 2217 1153 2279 titulo
1203 2219 1540 2299 exposuit.
1572 2267 1585 2279 .
1617 2209 1668 2279 .'
1744 2216 1943 2281 Cuius
1990 2218 2521 2281 commentarium
2566 2218 2689 2279 hoc
2739 2219 2902 2300 qui-

522 2323 667 2386 dem
732 2323 874 2386 loco
938 2323 1201 2406 plenum
1268 2325 1589 2406 accepisse
1657 2323 1930 2386 uidetur.
2037 2324 2270 2388 Postea
2331 2343 2487 2386 uero
2552 2343 2685 2385 non
2756 2325 2903 2388 nisi

516 2434 768 2513 ,partem
812 2429 1089 2493 Romani
1135 2431 1594 2514 exemplorum,
1641 2431 1709 2493 id
1755 2430 1924 2511 quod
1968 2432 2104 2514 ipse
2148 2453 2205 2516 p.
2246 2434 2397 2510 229,
2438 2433 2556 2510 333
2606 2432 2767 2509 238,
2814 2434 2903 2494 15

521 2537 780 2618 indicat,
827 2539 1058 2600 asciuit
1095 2557 1170 2601 ea
1205 2537 1472 2601 forsitan
1511 2539 1588 2602 de
1628 2557 1840 2621 causa,
1891 2538 2063 2621 quod
2108 2533 2354 2603 ‘artem’
2390 2540 2582 2602 nimis
2619 2538 2903 2622 longam

522 2643 722 2707 filiolo
780 2644 1063 2706 futuram
1120 2645 1415 2727 opinatus
1471 2649 1567 2707 est
1622 2649 1734 2707 aut
1791 2645 1963 2728 quod
2009 2646 2434 2709 transcribere
2479 2664 2628 2709 eum
2674 2648 2905 2729 magis

522 2752 859 2833 magisque
905 2756 1269 2834 pertaesum
1316 2755 1426 2813 est.
1519 2750 1767 2815 Verum
1824 2754 1997 2816 enim
2053 2772 2205 2816 uero
2253 2771 2488 2836 magno
2536 2757 2726 2836 opere
2781 2752 2904 2818 de-

524 2856 910 2940 plorandum
981 2862 1100 2938 est,
1168 2858 1341 2939 quod
1404 2859 1783 2941 primarium
1850 2859 2118 2941 fontem,
2192 2858 2596 2923 Palaemonis
2661 2864 2903 2942 artem,

525 2983 658 3026 non
715 2965 998 3027 retinuit.
1093 2963 1388 3048 Namque
1446 2970 1520 3028 ut
1578 2985 1710 3028 non
1772 2967 1981 3030 dicam
2046 2968 2422 3050 scriptorum
2489 2965 2791 3049 exempla
2862 2988 2905 3032 a.

528 3070 927 3135 Palaemone.
963 3069 1249 3134 exhibita
1296 3109 1379 3116 —
1428 3091 1580 3135 nam
1630 3092 1796 3155 quae
1840 3072 2170 3136 Romanus
2217 3074 2501 3137 serua-uit
2547 3078 2609 3136 et
2655 3073 2904 3137 decur-

518 3184 659 3241 tata
705 3183 768 3242 et
813 3178 1158 3262 deprauata
1203 3183 1356 3241 sunt
1399 3216 1489 3223 —
1533 3180 1871 3261 interiisse,
1917 3199 1999 3242 ne
2045 3181 2303 3263 regulae
2348 3179 2676 3262 generales
2721 3180 2900 3245 istae

531 3285 792 3368 quidem
856 3287 1046 3368 plane
1111 3286 1381 3348 traditae
1437 3291 1604 3348 sunt.
1697 3287 1915 3369 Atque
1972 3287 2051 3349 de
2105 3286 2267 3348 libro
2326 3285 2595 3349 Charisii
2637 3285 2672 3348 I
2731 3288 2901 3352 satis

530 3392 773 3455 dictum
821 3398 946 3471 est3
1000 3394 1338 3456 ueniamus
1384 3412 1562 3455 nunc
1611 3392 1690 3455 ad
1737 3394 1998 3474 reliqua.

1110 3764 1182 3826 B.
1264 3772 1367 3826 De
1413 3772 1592 3827 libro
1642 3772 1929 3827 Charisii
1974 3772 2296 3827 secundo.

709 3922 808 3987 De
854 3905 913 4006 1',
958 3923 1052 4005 Π,
1098 3924 1224 4001 111,
1269 3924 1384 4008 IV,
1429 3925 1491 3987 V
1536 3925 1688 3988 fibri
1733 3926 1800 3989 11
1847 3925 2176 4009 capitibus,
2225 3945 2387 4008 quae
2434 3926 2708 4008 singulis
2754 3926 2892 3991 fere

531 4032 828 4096 uersibus
875 4038 1182 4114 constant,
1228 4052 1343 4116 per
1387 4052 1456 4096 se
1503 4032 1664 4094 nihil
1710 4034 1906 4096 statui
1951 4038 2172 4116 potest.
2247 4033 2414 4096 Sunt
2460 4034 2631 4095 enim
2676 4034 2890 4095 notio-

531 4159 691 4202 num
739 4138 1157 4231 d·efinitiopes.
1251 4138 1378 4203 Sed
1426 4139 1795 4222 conspirant
1847 4140 1967 4202 hae
2025 4137 2428 4202 definitiones
2483 4140 2646 4201 miro
2692 4139 2887 4202 modo

517 4267 683 4311 ,cum
730 4248 850 4328 eiS,
901 4264 1064 4328 quae
1110 4247 1180 4307 in
1227 4247 1433 4328 capite
1479 4244 1579 4307 VI
1623 4245 2049 4328 proferuntur.
2142 4248 2242 4308 Ac
2294 4248 2573 4329 primum
2620 4246 2888 4328 quidem

528 4354 707 4433 quod
764 4354 846 4415 ad
903 4354 1130 4435 capitis*
1182 4351 1247 4415 II
1312 4346 1426 4415 ‘de
1489 4344 1756 4435 genere’
1816 4352 2254 4438 definitionem
2311 4354 2566 4416 attinet:
2629 4347 2887 4417 ‘Genus
