3197 4992
478 530 663 592 rendi
724 548 956 611 genere
1018 530 1355 591 euincitur.
1472 527 1800 591 Permulta
1856 530 2046 590 etiam
2112 529 2284 610 apud
2339 527 2694 591 Charisium
2763 530 2833 590 in

479 635 667 716 VIII,
712 635 840 717 IX,
887 634 956 698 X
1000 635 1148 697 libri
1194 635 1258 697 II
1306 635 1623 718 capitibus
1671 641 1733 697 et
1779 636 1848 696 in
1893 634 1993 696 ΙΙΙ
2039 635 2204 697 libro
2262 641 2623 698 occurrunt.
2716 637 2833 698 At-

482 761 608 825 que
666 742 836 825 quod
892 744 961 804 in
1020 743 1192 805 hunc
1249 743 1777 805 commentarium
1832 742 2028 821 ualet,
2083 743 2148 804 id
2207 744 2397 805 etiam
2456 743 2533 805 ad
2582 761 2836 806 omnem

483 851 873 933 excerptoris
941 849 1292 911 doctrinam
1356 850 1645 932 pertinet.
1737 848 1864 911 Ubi
1927 850 2099 911 enim
2147 856 2499 933 excerptor,
2545 851 2656 931 qui
2702 850 2834 932 ple-

479 975 757 1038 rumque
804 955 1001 1019 uerbo
1047 955 1179 1018 fere
1235 961 1424 1018 tenus
1472 954 1757 1018 Charisio
1816 954 2181 1038 respondet,
2237 957 2587 1040 pleniorem
2641 978 2837 1039 quam

478 1063 590 1127 ille
638 1063 994 1126 doctrinam
1040 1062 1325 1144 praebet,
1385 1061 1478 1123 ibi
1533 1061 1912 1125 Remmiana
1959 1064 2133 1145 origo
2182 1069 2293 1126 aut
2340 1082 2374 1125 e
2423 1063 2672 1127 dicendi
2726 1069 2841 1127 aut

481 1190 516 1234 e
565 1170 832 1234 docendi
878 1171 1124 1232 ratione
1171 1168 1353 1231 facile
1403 1169 1734 1252 detegitur.
1827 1170 2115 1249 Accedit,
2164 1169 2335 1251 quod
2384 1176 2446 1232 et
2491 1169 2840 1234 Diomedes

484 1285 545 1341 et
598 1276 940 1340 Dositheus
1002 1295 1223 1339 eorum
1276 1277 1593 1338 nonnulla
1650 1282 2090 1339 seruauerunt.
2185 1276 2412 1358 Itaque
2469 1275 2545 1338 de
2604 1276 2723 1337 hac
2769 1295 2842 1338 re

481 1384 668 1468 plura
712 1384 909 1447 uerba
956 1383 1162 1446 facere
1209 1384 1407 1444 mitto.
1499 1381 1855 1465 Excerptor
1911 1403 2066 1445 uero
2116 1402 2244 1444 non
2300 1385 2512 1466 inepte
2568 1402 2603 1445 e
2648 1382 2841 1445 Rem-

474 1492 713 1561 ,mianis
762 1492 957 1573 copiis
1012 1495 1348 1573 praecepta
1404 1509 1521 1552 sua
1578 1490 1768 1573 elegit
1823 1492 2207 1572 maioreque,
2272 1510 2464 1571 quam
2513 1487 2844 1553 Charisius

485 1599 554 1659 in
601 1596 1084 1660 transcribendo
1140 1598 1388 1658 ratione
1445 1616 1604 1658 usus
1660 1603 1769 1659 est.
1863 1597 2030 1659 Nam
2079 1598 2197 1660 etsi
2244 1597 2645 1680 singularum
2694 1617 2844 1679 par-

486 1705 828 1767 ticularum
874 1703 1276 1766 Palaemonis
1334 1703 1622 1765 ordinem
1668 1724 1798 1766 non
1846 1705 2139 1784 retinuit,
2202 1708 2414 1766 tamen
2461 1704 2846 1785 plerumque

487 1810 836 1872 doctrinam
885 1814 1027 1893 apte
1076 1810 1351 1891 digessit.
1447 1811 1667 1892 Atque
1714 1813 1825 1891 eiS,
1876 1831 2039 1893 quae
2087 1811 2363 1891 tradidit,
2403 1829 2622 1873 ansam
2661 1829 2848 1892 prae-

484 1917 592 1979 bet
627 1917 1035 1999 praecipuam
1075 1917 1518 1997 cognoscendi,
1568 1938 1695 1998 qua
1734 1915 2057 1980 Charisius
2094 1919 2561 1981 transcribendi
2601 1919 2852 1980 ratione

484 2043 643 2085 usus
690 2025 786 2088 sit.
882 2022 1309 2086 Vehementer
1355 2029 1568 2086 autem
1617 2025 2196 2088 commiserandum
2246 2032 2364 2106 est,
2422 2026 2590 2107 quod
2635 2026 2851 2086 nomi-

485 2150 643 2192 num
708 2131 1162 2212 pronominum
1227 2130 1575 2193 uerborum
1641 2132 2087 2194 tantummodo
2155 2132 2505 2194 doctrinam
2572 2149 2852 2212 eamque

488 2255 892 2318 nequaquam
938 2237 1193 2319 plenam
1241 2240 1497 2321 accepit.
1591 2237 1758 2300 Nam
1807 2258 1953 2301 cum
2003 2241 2363 2301 accuratius
2402 2258 2436 2300 e
2473 2238 2647 2300 fonte
2684 2238 2852 2299 hau-

486 2345 642 2405 serit
685 2362 896 2425 neque
944 2363 1266 2427 nusquam
1313 2345 1487 2407 locos
1537 2366 1573 2406 a
1615 2345 1997 2407 Palaemone
2042 2346 2330 2408 laudatos
2370 2365 2516 2407 cum
2556 2343 2849 2406 Charisio

487 2469 617 2513 non
678 2450 1136 2533 repudiauerit,
1213 2458 1593 2535 argumenta
1667 2451 1915 2514 offerret
1979 2452 2087 2515 uel
2161 2454 2439 2515 maxime
2506 2452 2854 2535 perspicua

490 2558 967 2619 demonstrandi
1015 2561 1294 2621 auctoris
1344 2559 1744 2640 eruendique
1791 2559 2034 2621 ordinis
2074 2580 2111 2621 a
2146 2558 2439 2621 Remmio
2487 2560 2780 2622 instituti.

668 2877 846 2939 Haec
894 2884 989 2940 est
1042 2880 1238 2960 igitur
1287 2880 1577 2960 quinque
1636 2882 2218 2961 grammaticorum.
2281 2881 2392 2962 qui
2443 2879 2856 2942 Palaemonis

491 2990 689 3047 artem
737 2990 1247 3066 usurpauerunt:
1313 2983 1582 3048 Charisii
1641 2988 2031 3068 excerptoris
2078 2985 2366 3049 Dosithei
2412 2986 2681 3049 Romani
2729 2986 2857 3049 Oo-

491 3093 762 3153 miniani
811 3092 1113 3157 doctrina.
1209 3091 1497 3168 Quorum
1545 3094 1831 3155 omnium
1880 3095 2157 3175 primum
2204 3095 2420 3155 locum
2468 3099 2641 3156 tenet
2688 3093 2859 3157 Cha-

492 3199 723 3276 risius;
811 3200 888 3261 ad
939 3219 1124 3281 quem
1177 3203 1230 3262 si
1280 3201 1383 3263 cui
1435 3201 1589 3282 quid
1637 3200 1717 3263 de
1763 3200 2136 3262 Remmiana
2193 3201 2482 3262 doctrina
2529 3202 2861 3283 conligere

493 3304 743 3386 libebit,
820 3308 1046 3387 utique
1110 3307 1509 3370 redeundum
1592 3312 1702 3369 est.
1791 3345 1867 3351 —-
1950 3306 2072 3369 Sed
2141 3326 2305 3388 quae
2371 3314 2465 3370 est
2525 3308 2856 3370 doctrina!

490 3410 750 3474 Etenim
812 3413 937 3474 nisi
993 3412 1319 3475 leuissima
1376 3421 1568 3496 atque
1625 3416 1782 3496 ipsis
1841 3414 2337 3495 accommodata,
2395 3414 2705 3476 rationem
2752 3414 2859 3476 di-

494 3520 709 3602 cendi,
767 3520 930 3582 nihil
991 3519 1119 3582 fere
1177 3519 1684 3602 adsumpserunt.
1780 3518 1905 3581 Sed
1951 3538 2031 3581 ne
2077 3521 2231 3581 haec
2280 3520 2536 3601 quidem
2598 3525 2707 3582 aut
2750 3522 2858 3582 in-

490 3631 668 3706 tegre
716 3631 824 3687 aut
871 3626 1164 3689 funditus
1213 3629 1411 3689 eiecta
1458 3631 1566 3689 est.
1663 3625 1980 3701 Quattuor
2027 3629 2194 3688 enim
2244 3627 2353 3688 isti
2393 3632 2647 3709 praeter
2694 3626 2858 3689 Cha-

492 3733 717 3793 risium
762 3734 1164 3814 grammatici
1202 3735 1319 3794 uix
1359 3733 1651 3795 umbram
1691 3734 1975 3812 rationis,
2019 3754 2208 3815 quam
2244 3734 2399 3814 dixi,
2427 3735 2855 3796 retinuerunt.

495 3838 819 3901 Charisius
886 3845 1097 3901 autem
1165 3841 1284 3901 etsi
1354 3846 1597 3922 partem
1667 3841 1804 3902 eius
1879 3841 2049 3902 haud
2117 3842 2504 3903 mediocrem
2569 3840 2862 3923 tiadidit,

492 3950 707 4006 tamen
755 3946 877 4007 alia
923 3945 1239 4027 permulta
1286 3946 1362 4008 ab
1413 3966 1485 4007 eo
1533 3949 1975 4028 praetermissa
2021 3947 2144 4009 alia
2180 3946 2434 4009 turbata
2482 3966 2615 4009 esse
2662 3966 2866 4028 supia

494 4051 794 4114 uidimus.
910 4051 1093 4126 Quod
1159 4055 1228 4114 in
1303 4054 1802 4136 praepositiones
1868 4055 2176 4134 maxime,
2249 4055 2318 4115 in
2376 4053 2705 4131 aduerbia,
2783 4055 2862 4115 in

496 4160 998 4240 coniunctioneS,
1055 4161 1125 4220 in
1179 4161 1654 4224 inteliectiones
1714 4161 1895 4222 cadit.
2007 4158 2205 4221 Porro
2270 4159 2526 4222 dicendi
2584 4178 2863 4221 consue-

496 4265 677 4346 tudo,
745 4286 908 4347 quae
977 4272 1072 4328 est
1137 4267 1516 4349 scriptorum
1584 4287 1875 4349 prorsuS,
1939 4267 2127 4348 plane
2192 4266 2321 4329 fere
2388 4267 2674 4348 neglecta
2739 4272 2857 4328 est.

494 4371 851 4454 Supersunt
932 4392 1173 4454 paucae
1254 4373 1566 4455 reliquiae
1648 4374 1714 4434 in
1799 4375 2002 4456 capite
2085 4373 2235 4434 libri
2321 4374 2510 4455 primi
2574 4371 2703 4433 XV
2796 4380 2865 4435 et
