3197 4992
1485 313 1870 374 —8-

688 485 933 550 Verum
984 488 1155 549 enim
1212 506 1368 551 uero
1417 490 1521 550 uir
1578 488 1807 551 doctus
1858 486 2374 569 Schottmueller,
2423 491 2537 572 qui
2581 492 2649 552 in
2701 490 2862 553 Cha-

507 593 778 656 risianas
825 594 1036 676 copias
1081 613 1289 678 nuper
1333 596 1675 677 inquisiuit
1691 597 1769 675 ¹),
1817 595 1898 657 ad
1946 615 2086 658 eam
2136 597 2429 678 peruenit
2475 598 2861 680 opinionem,

506 705 580 762 ut
629 700 1007 787 quaelapud
1056 699 1417 764 Charisium
1464 701 1583 764 sub
1631 701 2039 765 Palaemonis
2087 704 2349 767 nomine
2402 709 2677 779 exstant,
2724 723 2855 767 non

505 805 795 868 Remmio
860 803 986 889 illi,
1045 807 1157 870 sed
1205 808 1569 871 Palaemoni
1620 809 1906 889 cuidam,
1969 810 2080 891 qui
2139 816 2364 892 quarto
2429 810 2560 873 fere
2606 830 2661 892 p.
2714 808 2855 872 Chr.

503 913 760 976 saeculo
836 914 904 974 in
962 912 1168 977 Gallia
1230 915 1628 998 transalpina
1693 915 2041 996 floruisset,
2109 915 2327 980 deberi
2394 921 2679 980 censeret
2742 917 2861 979 hac

500 1019 635 1082 sola.
682 1037 876 1082 causa
938 1018 1280 1097 adductus,
1340 1021 1512 1103 quod
1569 1022 1880 1104 reliquiae
1937 1022 2086 1085 illae
2154 1022 2683 1087 Palaemonianae
2749 1023 2856 1087 do-

500 1127 741 1189 ctrinae
787 1127 1072 1190 iuniores
1119 1126 1497 1191 uiderentur
1543 1146 1699 1209 esse,
1748 1148 1941 1210 quam
1989 1148 2154 1211 quae
2191 1131 2261 1191 in
2307 1130 2624 1193 illustrem
2670 1130 2854 1193 illum

506 1234 993 1317 grammaticum
1041 1235 1476 1298 conuenirent.
1567 1233 1705 1298 Nec
1752 1234 2122 1313 defuerunt,
2182 1239 2288 1318 qui
2345 1236 2701 1300 adnuerent
2747 1241 2857 1299 aut

511 1342 625 1423 qui
692 1360 838 1404 eum
888 1340 1164 1405 refutare
1231 1346 1617 1404 conarentur
1672 1341 2053 1406 aduersante
2116 1343 2188 1405 in
2251 1344 2473 1425 primis
2537 1345 2680 1406 uiro
2747 1343 2855 1407 do-

504 1448 791 1534 ctissimo
856 1446 938 1513 H.
984 1447 1193 1511 Keilio
1210 1448 1259 1530 2)
1314 1448 1512 1511 nullis
1579 1448 1838 1530 quidem
1906 1449 2298 1532 argumentis
2362 1449 2593 1514 innixi.
2716 1448 2857 1525 Qua

504 1555 648 1637 rixa
678 1560 901 1617 exorta
930 1574 1076 1617 oum
1116 1554 1469 1617 uerendum
1509 1555 1826 1636 uideatur,
1872 1575 1954 1619 ne
1990 1557 2118 1618 nisi
2165 1574 2305 1647 earn
2343 1555 2854 1621 Schottmuelleri

502 1662 883 1724 sententiam
929 1660 1329 1743 redarguam,
1376 1661 1606 1724 inutile
1662 1662 1821 1724 mihi
1866 1663 2199 1746 negotium
2245 1663 2600 1748 iniungam,
2646 1666 2855 1747 prius-

506 1788 697 1850 quam
758 1767 839 1830 ad
892 1768 1099 1850 ipsam
1148 1769 1584 1849 quaestionem
1648 1770 1973 1853 accingar,
2034 1771 2091 1832 ei
2150 1772 2243 1833 rei
2299 1789 2556 1854 operam
2613 1789 2854 1834 nauare

499 1872 769 1936 iuuabit.-

683 1979 723 2042 J
729 1998 831 2042 am
898 1985 1301 2063 argumenta,
1370 1981 1609 2063 quibus
1672 1980 1950 2045 Remmii
2013 1982 2421 2048 Palaemonis
2484 1985 2857 2049 restituatur

503 2082 875 2163 auotoritaS,
914 2092 1262 2150 sumuntur
1297 2086 1407 2151 uel
1443 2089 1748 2172 primaria
1785 2110 1823 2152 a
1859 2088 1941 2152 M.
1980 2087 2177 2153 Fabio
2218 2086 2635 2173 Quintiliano,
2679 2091 2855 2154 illius

505 2191 822 2276 discipulo
842 2189 910 2277 3),
959 2194 1072 2275 qui
1118 2191 1188 2255 in
1234 2194 1717 2258 institutionum·
1757 2190 1929 2259 ‘libro
1975 2196 2008 2258 I
2052 2193 2532 2279 grammaticam
2598 2216 2857 2281 quoque

502 2302 734 2383 tetigit.»
808 2299 977 2364 Nam
1016 2320 1165 2363 cum
1211 2301 1321 2364 uel
1367 2321 1482 2384 per
1528 2321 1596 2366 se
1643 2303 1848 2366 facilis
1895 2305 2180 2385 suspicio
2227 2307 2310 2368 sit
2358 2305 2744 2388 discipulum
2784 2306 2855 2365 in

505 2403 793 2471 docendo
852 2412 1146 2471 secutum
1215 2426 1356 2470 esse
1412 2414 1911 2491 praeceptorem,
1967 2430 2036 2474 re
2082 2431 2257 2491 uera,
2307 2429 2471 2493 quae
2526 2431 2563 2473 a
2610 2400 2859 2486 Quinti-‘⁴

505 2516 675 2578 liano
721 2510 1136 2598 proferuntur
1172 2516 1606 2597 grammatica,
1655 2515 1825 2598 apud
1862 2520 2231 2600 posterioris
2279 2521 2500 2582 aetatis
2536 2540 2854 2603 gramma-

504 2623 664 2684 ticos
692 2622 1116 2705 reperiuntur.
1158 2619 1287 2683 Eos
1319 2626 1531 2683 autem
1562 2626 2016 2705 grammaticos
2045 2645 2178 2688 non
2202 2624 2584 2701 Quintiliani
2616 2621 2857 2689 librum

505 2729 917 2810 exscripsisse
972 2727 1080 2790 uel
1137 2727 1289 2791 inde
1350 2728 1768 2807 concluseris,
1828 2730 1999 2813 quod
2058 2726 2412 2796 doctrinam
2477 2733 2857 2815 plerumque

507 2834 878 2917 pleniorem,
928 2854 1122 2916 quam
1172 2854 1336 2917 quae
1383 2834 1555 2917 apud
1602 2836 1787 2898 illum
1826 2835 2199 2902 inueniatur
2238 2839 2562 2902 exhibent.
2649 2837 2858 2914 Quare

506 2940 630 3002 nisi
675 2941 797 3003 hoc
833 2945 1093 3022 statuas,
1140 2941 1235 3003 nil
1271 2941 1677 3032 relinquitur,
1716 2946 2043 3028 utrImque
2082 2946 2360 3009 eundem
2407 2941 2650 3009 fontem
2698 2946 2857 3027 peti-

505 3056 648 3110 tum
707 3060 861 3111 esse.
965 3043 1184 3132 Atque
1243 3067 1408 3131 quae
1462 3070 1499 3112 a
1544 3045 1841 3114 'Charisio
1907 3053 2178 3135 aliisque
2242 3045 2595 3115 tractantur
2647 3071 2857 3134 gram·-

507 3155 741 3217 matica
787 3174 934 3218 cum
975 3154 1375 3231 Quintiliano
1415 3160 1862 3241 congruentia,
1903 3160 1955 3221 si
1997 3179 2033 3222 a
2071 3159 2451 3223 Palaemone
2490 3160 2858 3243 deprompta

507 3277 646 3325 esse
694 3261 1131 3326 demonstrare
1168 3265 1312 3347 ipsa
1352 3263 1785 3347 disputatione
1816 3266 1980 3328 ’1111111
2020 3267 2372 3350 contigerit,
2419 3268 2567 3342 iam,
2616 3268 2860 3350 opinor,

509 3369 816 3432 concedes
865 3368 944 3433 de
986 3371 1190 3434 'altero
1239 3371 1347 3434 illo
1398 3373 1612 3453 quarti
1658 3392 1717 3455 p.
1777 3364 1915 3435 Chr.
1965 3375 2205 3437 saeculi
2252 3373 2654 3453 Palaemone,
2702 3368 2862 3435 Cha÷

507 3476 645 3538 risii
692 3482 968 3558 auctore,
1017 3477 1487 3561 desperandum
1535 3496 1700 3540 esse.
1790 3477 2046 3543 Etenim
2106 3482 2161 3542 si
2210 3480 2537 3544 Charisius
2584 3480 2856 3543 eundem

508 3595 655 3645 cum
692 3580 1103 3668 ‚Quintiliano
1155 3584 1492 3666 usurpauit
1538 3582 2018 3667 Palaemonem,
2080 3587 2158 3649 de
2206 3607 2333 3670 quo
2390 3588 2513 3649 alio
2559 3587 2712 3650 licet
2756 3605 2860 3649 co-

509 3691 712 3771 gitare
777 3689 1162 3754 Palaemone
1224 3690 1350 3751 nisi
1416 3689 1493 3752 de
1560 3690 1631 3766 Q.
1690 3691 2031 3758 Remmio‘?
2079 3685 2182 3739 '-—
2248 3694 2447 3757 Cuius
2511 3695 2862 3758 sententiae

504 3801 976 3879 propugnatore
1021 3802 1169 3860 -utor
1214 3798 1357 3860 uiro
1408 3798 1592 3861 docto
1645 3797 1789 3861 Joh.
1843 3797 2214 3882 Clausseno,
2263 3803 2374 3884 qui
2420 3803 2491 3864 in
2540 3812 2866 3864 commen-4

691 4080 732 4149 ¹)
776 4079 857 4132 De
895 4080 949 4133 C.
989 4079 1153 4133 Plinii
1191 4079 1425 4133 Secundi
1472 4080 1626 4134 libris
1676 4082 2066 4150 grammaticis,
2121 4101 2172 4151 p.
2223 4088 2289 4140 26
2343 4100 2484 4153 sqq,
2541 4085 2670 4165 diss.
2717 4083 2858 4160 Bon-

508 4184 608 4222 nae
652 4173 804 4222 1858.

689 4257 731 4325 2)
777 4258 1010 4311 Gramm.
1050 4257 1164 4310 Lat.
1204 4257 1254 4310 V
1291 4275 1342 4325 p.
1383 4263 1502 4312 334.

688 4346 731 4414 ³)
773 4345 941 4401 schol.
981 4348 1048 4399 ad
1086 4346 1327 4401 quenal.
1368 4352 1417 4416 6,
1453 4351 1574 4402 452.
